{"success":true,"error_code":1000000,"result":[{"goods_id":357980562643,"goods_name":"【加长加大加量】特价大包抽纸批发整箱大包纸巾家用面巾纸餐巾纸","short_name":"【加长加大加量】特价大包抽纸批发整箱大包纸巾家用面巾纸餐巾纸","thumb_url":"https://img.pddpic.com/gaudit-image/2022-05-03/d835dd0bbb8deff4f94e380c96b294cc.jpeg","hd_thumb_url":"https://img.pddpic.com/gaudit-image/2022-05-03/d835dd0bbb8deff4f94e380c96b294cc.jpeg","sales":100000,"group_price":1670,"normal_price":1790,"market_price":4600,"sales_tip":"已拼10万+件","link_url":"goods.html?goods_id=357980562643","hd_url":"https://img.pddpic.com/mms-material-img/2022-05-03/315c9203-dd07-4404-9369-0abdfdc20f25.jpeg.a.jpeg","quantity":100,"activity_type":34,"activity_start_time":1655827200,"activity_end_time":1690819199,"cat_id1":17285,"scores":{},"group_price_origin":1690},{"goods_id":42228422359,"goods_name":"护舒宝液体未来感卫生巾姨妈巾日用组合装欧美进口正品批发学生","short_name":"护舒宝液体未来感卫生巾姨妈巾日用组合装欧美进口正品批发学生","thumb_url":"https://img.pddpic.com/gaudit-image/2022-05-30/d8ed237d49158153a5da5a5f780862b0.jpeg","hd_thumb_url":"https://img.pddpic.com/gaudit-image/2022-05-30/d8ed237d49158153a5da5a5f780862b0.jpeg","sales":6285,"group_price":15600,"normal_price":20990,"market_price":30090,"sales_tip":"已拼6285件","link_url":"goods.html?goods_id=42228422359","hd_url":"https://img.pddpic.com/mms-material-img/2022-05-30/e79953c8-466e-43c8-b258-e3fdbeca1618.jpeg.a.jpeg","quantity":100,"activity_type":34,"activity_start_time":1660060800,"activity_end_time":1696089599,"cat_id1":17285,"scores":{},"group_price_origin":18890},{"goods_id":332341397417,"goods_name":"舒肤佳沐浴露持久留香1L家庭装大瓶保湿补水干皮止痒杀菌纯白柠檬","short_name":"舒肤佳沐浴露持久留香1L家庭装大瓶保湿补水干皮止痒杀菌纯白柠檬","thumb_url":"https://img.pddpic.com/gaudit-image/2022-03-02/0ca49f34d9f188d9da231d48c60bafe9.jpeg","hd_thumb_url":"https://img.pddpic.com/gaudit-image/2022-03-02/0ca49f34d9f188d9da231d48c60bafe9.jpeg","sales":19000,"group_price":2273,"normal_price":3090,"market_price":6800,"sales_tip":"已拼1.9万件","link_url":"goods.html?goods_id=332341397417","hd_url":"https://img.pddpic.com/open-gw/2022-03-01/30f0c95a-e459-434e-a42b-f65c49b88690.jpeg","quantity":100,"activity_type":34,"activity_start_time":1660752000,"activity_end_time":1696089599,"cat_id1":17285,"scores":{},"group_price_origin":2990},{"goods_id":397300026866,"goods_name":"【双标】Instinct生鲜本能 百利无谷鸡肉幼猫成猫粮11磅增肥发腮","short_name":"【双标】Instinct生鲜本能 百利无谷鸡肉幼猫成猫粮11磅增肥发腮","thumb_url":"https://img.pddpic.com/gaudit-image/2022-08-02/3ed38e81aa49fdd2a7f9166ed13d87ea.jpeg","hd_thumb_url":"https://img.pddpic.com/gaudit-image/2022-08-02/3ed38e81aa49fdd2a7f9166ed13d87ea.jpeg","sales":1013,"group_price":30500,"normal_price":54000,"market_price":54100,"sales_tip":"已拼1013件","link_url":"goods.html?goods_id=397300026866","hd_url":"https://img.pddpic.com/mms-material-img/2022-06-16/01b5c7bd-8c33-454a-9d15-bc0fe80ffe2c.jpeg.a.jpeg","quantity":100,"activity_type":34,"activity_start_time":1659369600,"activity_end_time":1727625599,"cat_id1":16288,"scores":{},"group_price_origin":48900},{"goods_id":24935981602,"goods_name":"冷酸灵牙膏抗敏感固齿护龈清火祛黄去口臭家庭大容量包装批发正品","short_name":"冷酸灵牙膏抗敏感固齿护龈清火祛黄去口臭家庭大容量包装批发正品","thumb_url":"https://img.pddpic.com/gaudit-image/2022-06-28/885a6daff9f8b45d87f4cde64e6cd621.jpeg","hd_thumb_url":"https://img.pddpic.com/gaudit-image/2022-06-28/885a6daff9f8b45d87f4cde64e6cd621.jpeg","sales":68000,"group_price":1280,"normal_price":1990,"market_price":16600,"sales_tip":"已拼6.8万件","link_url":"goods.html?goods_id=24935981602","hd_url":"https://img.pddpic.com/mms-material-img/2022-06-28/b25b2b90-dd14-4a1a-ba17-0384b55bef30.png","quantity":100,"activity_type":34,"activity_start_time":1656518400,"activity_end_time":1690819199,"cat_id1":17285,"scores":{},"group_price_origin":1890},{"goods_id":386162042598,"goods_name":"沙宣正品洗发水无硅油轻润裸感蓬松去屑止痒洗发露500ml新品尝鲜","short_name":"沙宣正品洗发水无硅油轻润裸感蓬松去屑止痒洗发露500ml新品尝鲜","thumb_url":"https://img.pddpic.com/gaudit-image/2022-07-07/1a51f9da563373a163c4a7f834a12494.jpeg","hd_thumb_url":"https://img.pddpic.com/gaudit-image/2022-07-07/1a51f9da563373a163c4a7f834a12494.jpeg","sales":2205,"group_price":4320,"normal_price":5900,"market_price":78100,"sales_tip":"已拼2205件","link_url":"goods.html?goods_id=386162042598","hd_url":"https://img.pddpic.com/mms-material-img/2022-07-07/867b9c7e-aa35-43d0-9c16-6a18f517a96b.jpeg.a.jpeg","quantity":100,"activity_type":34,"activity_start_time":1657209600,"activity_end_time":1725033600,"cat_id1":17285,"scores":{},"group_price_origin":5490},{"goods_id":98658270636,"goods_name":"蓝月亮衣领净强效去污超强去黄白衬衫校服制服专用住校生开学必备","short_name":"蓝月亮衣领净强效去污超强去黄白衬衫校服制服专用住校生开学必备","thumb_url":"https://img.pddpic.com/gaudit-image/2021-10-29/8955ddb0364a7214ac3465d5cad45493.jpeg","hd_thumb_url":"https://img.pddpic.com/gaudit-image/2021-10-29/8955ddb0364a7214ac3465d5cad45493.jpeg","sales":100000,"group_price":2226,"normal_price":4580,"market_price":9990,"sales_tip":"已拼10万+件","link_url":"goods.html?goods_id=98658270636","hd_url":"https://img.pddpic.com/mms-material-img/2021-10-29/6357189f-1a42-4d3a-b728-4af10df8535c.jpeg.a.jpeg","quantity":100,"activity_type":34,"activity_start_time":1651161600,"activity_end_time":1685548799,"cat_id1":17285,"scores":{},"group_price_origin":3580},{"goods_id":182336569275,"goods_name":"尚岛宜家垃圾袋家用手提点断式加厚黑色一次性背心抽绳分类垃圾袋","short_name":"尚岛宜家垃圾袋家用手提点断式加厚黑色一次性背心抽绳分类垃圾袋","thumb_url":"https://t00img.yangkeduo.com/goods/images/2021-04-13/141b24a6917418fcf4a704b8cce2603c.jpeg","hd_thumb_url":"https://t00img.yangkeduo.com/goods/images/2021-04-13/141b24a6917418fcf4a704b8cce2603c.jpeg","sales":100000,"group_price":675,"normal_price":1170,"market_price":5000,"sales_tip":"已拼10万+件","link_url":"goods.html?goods_id=182336569275","hd_url":"https://img.pddpic.com/mms-material-img/2021-04-13/12b84cc6-3fcf-4b96-83f0-e7d7f13290d8.jpeg.a.jpeg","quantity":100,"activity_type":34,"activity_start_time":1661127600,"activity_end_time":1664553599,"cat_id1":16901,"scores":{},"group_price_origin":1070},{"goods_id":260974155345,"goods_name":"多芬洗发水女学生留香持久密集滋养修护脆弱受损毛糙干燥洗发膏","short_name":"多芬洗发水女学生留香持久密集滋养修护脆弱受损毛糙干燥洗发膏","thumb_url":"https://img.pddpic.com/gaudit-image/2022-07-28/744fa53a5d610cb2c59ec69d01e9d833.jpeg","hd_thumb_url":"https://img.pddpic.com/gaudit-image/2022-07-28/744fa53a5d610cb2c59ec69d01e9d833.jpeg","sales":50000,"group_price":3490,"normal_price":3599,"market_price":7990,"sales_tip":"总售10万+件","link_url":"goods.html?goods_id=260974155345","hd_url":"https://img.pddpic.com/mms-material-img/2022-07-28/59afddb7-60a6-48fa-b345-97307643027f.jpeg.a.jpeg","quantity":100,"activity_type":34,"activity_start_time":1659024000,"activity_end_time":1754841599,"cat_id1":17285,"scores":{},"group_price_origin":3499},{"goods_id":110512763355,"goods_name":"蓝月亮洗衣液3kg大瓶一整箱批发价家庭装薰衣草香味持留香超香","short_name":"蓝月亮洗衣液3kg大瓶一整箱批发价家庭装薰衣草香味持留香超香","thumb_url":"https://img.pddpic.com/gaudit-image/2022-04-30/e82cde3f01f8d2e93ac58b055e0c57c6.jpeg","hd_thumb_url":"https://img.pddpic.com/gaudit-image/2022-04-30/e82cde3f01f8d2e93ac58b055e0c57c6.jpeg","sales":9108,"group_price":14480,"normal_price":17580,"market_price":25800,"sales_tip":"已拼9108件","link_url":"goods.html?goods_id=110512763355","hd_url":"https://img.pddpic.com/mms-material-img/2022-04-30/eda23425-b5d4-434d-9805-669a848c26f6.jpeg.a.jpeg","quantity":100,"activity_type":34,"activity_start_time":1655395200,"activity_end_time":1690819199,"cat_id1":17285,"scores":{},"group_price_origin":17480},{"goods_id":19934517041,"goods_name":"炊大皇304不锈钢炒锅不粘锅少油烟加厚家用蜂窝炒菜锅明火电磁炉","short_name":"炊大皇304不锈钢炒锅不粘锅少油烟加厚家用蜂窝炒菜锅明火电磁炉","thumb_url":"https://t00img.yangkeduo.com/goods/images/2020-11-20/3bd5b933940c762e53ca811b7f95928e.jpeg","hd_thumb_url":"https://t00img.yangkeduo.com/goods/images/2020-11-20/3bd5b933940c762e53ca811b7f95928e.jpeg","sales":100000,"group_price":10900,"normal_price":15000,"market_price":18400,"sales_tip":"已拼10万+件","link_url":"goods.html?goods_id=19934517041","hd_url":"https://img.pddpic.com/mms-material-img/2020-11-19/f8102719-aa3f-44a2-8e5f-6320efdf6f08.jpeg.a.jpeg","quantity":100,"activity_type":34,"activity_start_time":1650811279,"activity_end_time":1713969679,"cat_id1":16676,"scores":{},"group_price_origin":14900},{"goods_id":219449062363,"goods_name":"心相印200抽XL大号抽纸餐巾纸卫生纸抽纸大包装大号家用批发大包","short_name":"心相印200抽XL大号抽纸餐巾纸卫生纸抽纸大包装大号家用批发大包","thumb_url":"https://img.pddpic.com/gaudit-image/2021-10-05/5eb4741294eae5ff5dc4f3446c64794d.jpeg","hd_thumb_url":"https://img.pddpic.com/gaudit-image/2021-10-05/5eb4741294eae5ff5dc4f3446c64794d.jpeg","sales":100000,"group_price":2689,"normal_price":3090,"market_price":11190,"sales_tip":"已拼10万+件","link_url":"goods.html?goods_id=219449062363","hd_url":"https://img.pddpic.com/mms-material-img/2021-03-30/ef890274-5fce-4dfc-833a-5ed01b1bcd7a.jpeg.a.jpeg","quantity":100,"activity_type":34,"activity_start_time":1660147200,"activity_end_time":1696089599,"cat_id1":17285,"scores":{},"group_price_origin":2990},{"goods_id":2763222529,"goods_name":"苏菲卫生巾日夜组合超熟睡420批发整箱纯棉夜用290姨妈巾学生","short_name":"苏菲卫生巾日夜组合超熟睡420批发整箱纯棉夜用290姨妈巾学生","thumb_url":"https://img.pddpic.com/gaudit-image/2021-10-16/d0cb2e167ca5210ba5ba1429bd449b05.jpeg","hd_thumb_url":"https://img.pddpic.com/gaudit-image/2021-10-16/d0cb2e167ca5210ba5ba1429bd449b05.jpeg","sales":100000,"group_price":2888,"normal_price":3000,"market_price":12900,"sales_tip":"已拼10万+件","link_url":"goods.html?goods_id=2763222529","hd_url":"https://img.pddpic.com/mms-material-img/2021-10-15/33da6bf7-0a1d-4bfd-8f06-b9954cad162a.jpeg","quantity":100,"activity_type":34,"activity_start_time":1658678400,"activity_end_time":1693497599,"cat_id1":17285,"scores":{},"group_price_origin":2888},{"goods_id":100265680256,"goods_name":"奇强内衣裤抑菌专用皂内裤除菌肥皂男女士儿童通用透明洗衣皂","short_name":"奇强内衣裤抑菌专用皂内裤除菌肥皂男女士儿童通用透明洗衣皂","thumb_url":"https://t00img.yangkeduo.com/goods/images/2020-03-29/546875d53bd2c3bbf9514e2eb76870da.jpeg","hd_thumb_url":"https://t00img.yangkeduo.com/goods/images/2020-03-29/546875d53bd2c3bbf9514e2eb76870da.jpeg","sales":100000,"group_price":1415,"normal_price":2090,"market_price":2190,"sales_tip":"已拼10万+件","link_url":"goods.html?goods_id=100265680256","hd_url":"https://t00img.yangkeduo.com/goods/images/2020-03-29/f04efb28-f3e1-4684-adf7-0590113dc4d2.jpg","quantity":100,"activity_type":34,"activity_start_time":1657889174,"activity_end_time":1721047574,"cat_id1":17285,"scores":{},"group_price_origin":1990},{"goods_id":130930890962,"goods_name":"麦富迪猫粮8kg小时趣成幼猫主粮增肥发腮营养通用型三拼猫粮","short_name":"麦富迪猫粮8kg小时趣成幼猫主粮增肥发腮营养通用型三拼猫粮","thumb_url":"https://img.pddpic.com/gaudit-image/2022-05-10/b64c918e57521c9d42e96119842d24cf.jpeg","hd_thumb_url":"https://img.pddpic.com/gaudit-image/2022-05-10/b64c918e57521c9d42e96119842d24cf.jpeg","sales":100000,"group_price":9300,"normal_price":11500,"market_price":19900,"sales_tip":"已拼10万+件","link_url":"goods.html?goods_id=130930890962","hd_url":"https://img.pddpic.com/mms-material-img/2022-05-10/71d9c70a-35f0-47e1-8d5b-5c31b6d8cb45.jpeg.a.jpeg","quantity":100,"activity_type":34,"activity_start_time":1661011200,"activity_end_time":1661270400,"cat_id1":16288,"scores":{},"group_price_origin":10900},{"goods_id":133544866731,"goods_name":"云南白药牙膏清爽薄荷去烟渍激爽美白牙龈改善出血肿痛抗敏感清火","short_name":"云南白药牙膏清爽薄荷去烟渍激爽美白牙龈改善出血肿痛抗敏感清火","thumb_url":"https://t00img.yangkeduo.com/goods/images/2020-07-14/ba9b74d7e3492bc14fb26a5de55c004f.jpeg","hd_thumb_url":"https://t00img.yangkeduo.com/goods/images/2020-07-14/ba9b74d7e3492bc14fb26a5de55c004f.jpeg","sales":100000,"group_price":1260,"normal_price":1760,"market_price":4600,"sales_tip":"已拼10万+件","link_url":"goods.html?goods_id=133544866731","hd_url":"https://img.pddpic.com/mms-material-img/2020-07-14/0682063f-5241-4684-b494-789039dccfff.jpg.a.jpeg","quantity":100,"activity_type":34,"activity_start_time":1660060800,"activity_end_time":1696089599,"cat_id1":17285,"scores":{},"group_price_origin":1560},{"goods_id":336909864862,"goods_name":"奥然小麦秸秆菜板切菜板家用抗菌防霉砧板水果塑料案板厨房用品","short_name":"奥然小麦秸秆菜板切菜板家用抗菌防霉砧板水果塑料案板厨房用品","thumb_url":"https://img.pddpic.com/gaudit-image/2022-04-14/9f54d71c3ca8901f2baaa0b220c79e1b.jpeg","hd_thumb_url":"https://img.pddpic.com/gaudit-image/2022-04-14/9f54d71c3ca8901f2baaa0b220c79e1b.jpeg","sales":48000,"group_price":1290,"normal_price":2890,"market_price":5000,"sales_tip":"已拼4.8万件","link_url":"goods.html?goods_id=336909864862","hd_url":"https://img.pddpic.com/mms-material-img/2022-04-14/5ad72e0b-8e25-49f3-8bd3-1c1e61f11da2.jpeg.a.jpeg","quantity":100,"activity_type":34,"activity_start_time":1660463580,"activity_end_time":1661961599,"cat_id1":16676,"scores":{},"group_price_origin":2390},{"goods_id":388388410787,"goods_name":"vs沙宣洗发水润去屑500ml男女洗发露去屑清爽去油去屑蓬松","short_name":"vs沙宣洗发水润去屑500ml男女洗发露去屑清爽去油去屑蓬松","thumb_url":"https://img.pddpic.com/gaudit-image/2022-07-12/1bee9d69a4a51292fa25c8d4b2239e01.jpeg","hd_thumb_url":"https://img.pddpic.com/gaudit-image/2022-07-12/1bee9d69a4a51292fa25c8d4b2239e01.jpeg","sales":1583,"group_price":3950,"normal_price":5990,"market_price":10000,"sales_tip":"已拼1583件","link_url":"goods.html?goods_id=388388410787","hd_url":"https://img.pddpic.com/mms-material-img/2022-07-12/3b9d5a00-d6d0-46ef-baa8-362342fa7086.jpeg.a.jpeg","quantity":14,"activity_type":34,"activity_start_time":1657641600,"activity_end_time":1725119999,"cat_id1":17285,"scores":{},"group_price_origin":4990},{"goods_id":320245433356,"goods_name":"垃圾袋抽绳式家用纯黑色背心式厨房寝室特厚塑料袋子批发","short_name":"垃圾袋抽绳式家用纯黑色背心式厨房寝室特厚塑料袋子批发","thumb_url":"https://img.pddpic.com/gaudit-image/2022-01-05/4d9efb64cffcb2791e126ca26b5f4f36.jpeg","hd_thumb_url":"https://img.pddpic.com/gaudit-image/2022-01-05/4d9efb64cffcb2791e126ca26b5f4f36.jpeg","sales":72000,"group_price":316,"normal_price":890,"market_price":118900,"sales_tip":"已拼7.2万件","link_url":"goods.html?goods_id=320245433356","hd_url":"https://img.pddpic.com/mms-material-img/2022-01-04/f52851f8-b6e7-4c44-a5d5-00292e929cb1.jpeg.a.jpeg","quantity":100,"activity_type":34,"activity_start_time":1658419200,"activity_end_time":1789401599,"cat_id1":16901,"scores":{},"group_price_origin":650},{"goods_id":307869176532,"goods_name":"舒肤佳红石榴排浊沐浴露香水留香持久男女士啫喱540毫升去油换肤","short_name":"舒肤佳红石榴排浊沐浴露香水留香持久男女士啫喱540毫升去油换肤","thumb_url":"https://img.pddpic.com/gaudit-image/2022-03-05/b937cc82dac10051754145569c80e6fe.jpeg","hd_thumb_url":"https://img.pddpic.com/gaudit-image/2022-03-05/b937cc82dac10051754145569c80e6fe.jpeg","sales":41000,"group_price":3780,"normal_price":3980,"market_price":7590,"sales_tip":"已拼4.1万件","link_url":"goods.html?goods_id=307869176532","hd_url":"https://img.pddpic.com/mms-material-img/2022-03-05/e8539c58-d684-4ea8-9af7-63581c6247eb.jpeg.a.jpeg","quantity":100,"activity_type":34,"activity_start_time":1660752000,"activity_end_time":1696089599,"cat_id1":17285,"scores":{},"group_price_origin":3880},{"goods_id":69177342,"goods_name":"立白全效馨香洗衣液洁净护衣留香持久手洗机洗可配合消毒液使用","short_name":"立白全效馨香洗衣液洁净护衣留香持久手洗机洗可配合消毒液使用","thumb_url":"https://img.pddpic.com/gaudit-image/2022-05-11/c5d20fd185e3bcf02309d26a1c48680a.jpeg","hd_thumb_url":"https://img.pddpic.com/gaudit-image/2022-05-11/c5d20fd185e3bcf02309d26a1c48680a.jpeg","sales":100000,"group_price":5430,"normal_price":8990,"market_price":15990,"sales_tip":"已拼10万+件","link_url":"goods.html?goods_id=69177342","hd_url":"https://img.pddpic.com/mms-material-img/2022-05-10/52b1b3dc-e084-4cad-89da-d59b92c08509.jpeg.a.jpeg","quantity":100,"activity_type":34,"activity_start_time":1656950400,"activity_end_time":1693497599,"cat_id1":17285,"scores":{},"group_price_origin":5490},{"goods_id":358393127457,"goods_name":"荣事达八角锅麦饭石炒锅不粘锅家用平底锅炒菜锅电磁炉燃气灶通用","short_name":"荣事达八角锅麦饭石炒锅不粘锅家用平底锅炒菜锅电磁炉燃气灶通用","thumb_url":"https://img.pddpic.com/gaudit-image/2022-05-04/6ea5a39a17d5a4aa5670d53835d7e11b.jpeg","hd_thumb_url":"https://img.pddpic.com/gaudit-image/2022-05-04/6ea5a39a17d5a4aa5670d53835d7e11b.jpeg","sales":24000,"group_price":6890,"normal_price":27900,"market_price":35900,"sales_tip":"已拼2.4万件","link_url":"goods.html?goods_id=358393127457","hd_url":"https://img.pddpic.com/open-gw/2022-05-04/e9c01551-4241-4f12-8fa8-c6c59d573625.jpeg","quantity":100,"activity_type":34,"activity_start_time":1660464900,"activity_end_time":1664553599,"cat_id1":16676,"scores":{},"group_price_origin":18900},{"goods_id":379368304470,"goods_name":"【加长加大加量】特价大包抽纸批发整箱大包纸巾家用面巾纸餐巾纸","short_name":"【加长加大加量】特价大包抽纸批发整箱大包纸巾家用面巾纸餐巾纸","thumb_url":"https://img.pddpic.com/gaudit-image/2022-06-23/f2b112e625a9cfc55a47a710cff9db8a.jpeg","hd_thumb_url":"https://img.pddpic.com/gaudit-image/2022-06-23/f2b112e625a9cfc55a47a710cff9db8a.jpeg","sales":59000,"group_price":1180,"normal_price":1690,"market_price":4090,"sales_tip":"已拼5.9万件","link_url":"goods.html?goods_id=379368304470","hd_url":"https://img.pddpic.com/mms-material-img/2022-06-23/e93d5ffb-0abf-40da-8502-a829e401b999.jpeg.a.jpeg","quantity":100,"activity_type":34,"activity_start_time":1656864000,"activity_end_time":1693497599,"cat_id1":17285,"scores":{},"group_price_origin":1190},{"goods_id":311141647046,"goods_name":"Sofy/苏菲安心裤M/L码XL超薄款大码超熟睡安睡裤型卫生巾安全裤","short_name":"Sofy/苏菲安心裤M/L码XL超薄款大码超熟睡安睡裤型卫生巾安全裤","thumb_url":"https://img.pddpic.com/gaudit-image/2021-12-31/f6ee0409a0e84e93f743a1ea18b29f41.jpeg","hd_thumb_url":"https://img.pddpic.com/gaudit-image/2021-12-31/f6ee0409a0e84e93f743a1ea18b29f41.jpeg","sales":100000,"group_price":1589,"normal_price":3990,"market_price":10090,"sales_tip":"已拼10万+件","link_url":"goods.html?goods_id=311141647046","hd_url":"https://img.pddpic.com/mms-material-img/2021-12-31/e8fd5ace-9d3f-4c69-adb6-1c1b910db4a0.jpeg.a.jpeg","quantity":100,"activity_type":34,"activity_start_time":1660492800,"activity_end_time":1696089599,"cat_id1":17285,"scores":{},"group_price_origin":3650},{"goods_id":209368283808,"goods_name":"上海扇牌洗衣皂150g*5  家用去污肥皂婴儿洗衣服透明皂内衣皂批发","short_name":"上海扇牌洗衣皂150g*5  家用去污肥皂婴儿洗衣服透明皂内衣皂批发","thumb_url":"https://img.pddpic.com/gaudit-image/2022-01-06/6d2055f086a48e9576e588925184f516.jpeg","hd_thumb_url":"https://img.pddpic.com/gaudit-image/2022-01-06/6d2055f086a48e9576e588925184f516.jpeg","sales":56000,"group_price":2290,"normal_price":2990,"market_price":5090,"sales_tip":"已拼5.6万件","link_url":"goods.html?goods_id=209368283808","hd_url":"https://img.pddpic.com/mms-material-img/2022-01-06/e5ae0011-84e2-4eb5-8170-fd543eca7418.jpeg.a.jpeg","quantity":100,"activity_type":34,"activity_start_time":1660665600,"activity_end_time":1696089599,"cat_id1":17285,"scores":{},"group_price_origin":2590},{"goods_id":398509036699,"goods_name":"美国进口sc冻干粮星益生趣天然无谷猫粮RB猫鸡肉猫主粮正品宠福标","short_name":"美国进口sc冻干粮星益生趣天然无谷猫粮RB猫鸡肉猫主粮正品宠福标","thumb_url":"https://img.pddpic.com/gaudit-image/2022-08-11/1cb3592efd3dd637a1bbf2ad349c5869.jpeg","hd_thumb_url":"https://img.pddpic.com/gaudit-image/2022-08-11/1cb3592efd3dd637a1bbf2ad349c5869.jpeg","sales":318,"group_price":27100,"normal_price":49900,"market_price":70100,"sales_tip":"已拼318件","link_url":"goods.html?goods_id=398509036699","hd_url":"https://img.pddpic.com/mms-material-img/2022-08-09/469c9768-2218-4545-a89a-2b461db5f272.jpeg.a.jpeg","quantity":100,"activity_type":34,"activity_start_time":1660147200,"activity_end_time":1759247999,"cat_id1":16288,"scores":{},"group_price_origin":42800},{"goods_id":282562776622,"goods_name":"云南白药牙膏套装520g去牙渍去口臭口气清新减轻牙龈问题家用正品","short_name":"云南白药牙膏套装520g去牙渍去口臭口气清新减轻牙龈问题家用正品","thumb_url":"https://img.pddpic.com/gaudit-image/2021-09-27/1e802462a3bd5c1e8c0878d692c794d2.jpeg","hd_thumb_url":"https://img.pddpic.com/gaudit-image/2021-09-27/1e802462a3bd5c1e8c0878d692c794d2.jpeg","sales":25000,"group_price":4700,"normal_price":5680,"market_price":11800,"sales_tip":"总售10万+件","link_url":"goods.html?goods_id=282562776622","hd_url":"https://img.pddpic.com/mms-material-img/2021-09-27/a997c090-5a65-4c0c-b9bd-3fa0df0e4c72.jpeg.a.jpeg","quantity":100,"activity_type":34,"activity_start_time":1658073600,"activity_end_time":1693497599,"cat_id1":17285,"scores":{},"group_price_origin":5580},{"goods_id":394345007231,"goods_name":"正版这才是孩子爱看的漫画数学 6-15岁小学生青少年儿童早教启蒙","short_name":"正版这才是孩子爱看的漫画数学 6-15岁小学生青少年儿童早教启蒙","thumb_url":"https://img.pddpic.com/gaudit-image/2022-07-25/1f8bb47e28346d510c19726e787ba1c6.jpeg","hd_thumb_url":"https://img.pddpic.com/gaudit-image/2022-07-25/1f8bb47e28346d510c19726e787ba1c6.jpeg","sales":100000,"group_price":2001,"normal_price":4280,"market_price":11100,"sales_tip":"已拼10万+件","link_url":"goods.html?goods_id=394345007231","hd_url":"https://img.pddpic.com/mms-material-img/2022-07-25/6ebda611-b069-45fd-a65a-067ef3d46743.jpeg.a.jpeg","quantity":100,"activity_type":34,"activity_start_time":1660838400,"activity_end_time":1759247999,"cat_id1":15543,"scores":{},"group_price_origin":3980},{"goods_id":220077876107,"goods_name":"婴儿奶瓶果蔬清洗剂宝宝洗奶瓶清洗液玩具专用洗洁精食品级清洗刷","short_name":"婴儿奶瓶果蔬清洗剂宝宝洗奶瓶清洗液玩具专用洗洁精食品级清洗刷","thumb_url":"https://t00img.yangkeduo.com/goods/images/2021-03-18/d19b3e80613d0da171e9a9b08c6e26d4.jpeg","hd_thumb_url":"https://t00img.yangkeduo.com/goods/images/2021-03-18/d19b3e80613d0da171e9a9b08c6e26d4.jpeg","sales":100000,"group_price":1150,"normal_price":1390,"market_price":9990,"sales_tip":"已拼10万+件","link_url":"goods.html?goods_id=220077876107","hd_url":"https://img.pddpic.com/mms-material-img/2021-03-18/ff893d9f-ae28-453b-a0a5-a53d55159a45.jpeg.a.jpeg","quantity":100,"activity_type":34,"activity_start_time":1659888000,"activity_end_time":1696089599,"cat_id1":17285,"scores":{},"group_price_origin":1290},{"goods_id":276956878726,"goods_name":"护舒宝未来感液体卫生巾 日用夜用超薄透气女学生姨妈巾欧美进口","short_name":"护舒宝未来感液体卫生巾 日用夜用超薄透气女学生姨妈巾欧美进口","thumb_url":"https://img.pddpic.com/gaudit-image/2022-06-27/5f66d53074a7065a64dab8473df93f0a.jpeg","hd_thumb_url":"https://img.pddpic.com/gaudit-image/2022-06-27/5f66d53074a7065a64dab8473df93f0a.jpeg","sales":8008,"group_price":5830,"normal_price":9990,"market_price":24990,"sales_tip":"总售10万+件","link_url":"goods.html?goods_id=276956878726","hd_url":"https://img.pddpic.com/mms-material-img/2022-06-27/5f91bea3-7e3b-40d6-8558-891fbd72c01f.jpeg","quantity":100,"activity_type":34,"activity_start_time":1660492800,"activity_end_time":1696089599,"cat_id1":17285,"scores":{},"group_price_origin":7990},{"goods_id":24341126599,"goods_name":"富光FGA儿童保温杯带吸管316不锈钢小学生水杯幼儿园大容量保温壶","short_name":"富光FGA儿童保温杯带吸管316不锈钢小学生水杯幼儿园大容量保温壶","thumb_url":"https://img.pddpic.com/gaudit-image/2021-10-29/2be60623c3af2c01fb762694e7ec0698.jpeg","hd_thumb_url":"https://img.pddpic.com/gaudit-image/2021-10-29/2be60623c3af2c01fb762694e7ec0698.jpeg","sales":100000,"group_price":6990,"normal_price":9900,"market_price":10900,"sales_tip":"已拼10万+件","link_url":"goods.html?goods_id=24341126599","hd_url":"https://img.pddpic.com/mms-material-img/2021-10-29/1d7bc3eb-f3a2-4a3f-8fbd-7e045675b3b0.jpeg.a.jpeg","quantity":100,"activity_type":34,"activity_start_time":1648137600,"activity_end_time":1892217599,"cat_id1":16548,"scores":{},"group_price_origin":8900},{"goods_id":161386983717,"goods_name":"立白洗衣液茶籽山茶香味持久清新除菌除螨去渍易漂不伤手批发价","short_name":"立白洗衣液茶籽山茶香味持久清新除菌除螨去渍易漂不伤手批发价","thumb_url":"https://img.pddpic.com/gaudit-image/2021-08-27/71473fe4f108763a2c255f6ae02127d2.jpeg","hd_thumb_url":"https://img.pddpic.com/gaudit-image/2021-08-27/71473fe4f108763a2c255f6ae02127d2.jpeg","sales":100000,"group_price":1370,"normal_price":2070,"market_price":6400,"sales_tip":"已拼10万+件","link_url":"goods.html?goods_id=161386983717","hd_url":"https://img.pddpic.com/mms-material-img/2021-08-27/1482e8e3-4562-4646-9e45-2625fc398afc.jpeg.a.jpeg","quantity":100,"activity_type":34,"activity_start_time":1630771200,"activity_end_time":1698681599,"cat_id1":17285,"scores":{},"group_price_origin":1770},{"goods_id":389942551300,"goods_name":"麦饭石平底锅家用炒菜锅不粘锅牛排煎锅煎饼锅煎蛋电磁炉燃气通用","short_name":"麦饭石平底锅家用炒菜锅不粘锅牛排煎锅煎饼锅煎蛋电磁炉燃气通用","thumb_url":"https://img.pddpic.com/gaudit-image/2022-07-15/8a7d633715d74daf177f6719626206da.jpeg","hd_thumb_url":"https://img.pddpic.com/gaudit-image/2022-07-15/8a7d633715d74daf177f6719626206da.jpeg","sales":7197,"group_price":2990,"normal_price":10600,"market_price":19900,"sales_tip":"已拼7197件","link_url":"goods.html?goods_id=389942551300","hd_url":"https://img.pddpic.com/open-gw/2022-07-15/34efb79f-0c6b-45ce-be52-da2ac4b6c1c2.jpeg","quantity":100,"activity_type":34,"activity_start_time":1660455000,"activity_end_time":1661961599,"cat_id1":16676,"scores":{},"group_price_origin":8658},{"goods_id":290306982103,"goods_name":"【60大包加量装】408大包纸巾抽纸整箱批发家用特价餐巾纸抽6包","short_name":"【60大包加量装】408大包纸巾抽纸整箱批发家用特价餐巾纸抽6包","thumb_url":"https://img.pddpic.com/gaudit-image/2022-02-20/741b63feede5a36f07a689806b57b516.jpeg","hd_thumb_url":"https://img.pddpic.com/gaudit-image/2022-02-20/741b63feede5a36f07a689806b57b516.jpeg","sales":100000,"group_price":1590,"normal_price":1790,"market_price":7890,"sales_tip":"已拼10万+件","link_url":"goods.html?goods_id=290306982103","hd_url":"https://img.pddpic.com/mms-material-img/2022-02-20/5188b20a-62e3-453e-89a1-cfa46005848c.jpeg.a.jpeg","quantity":100,"activity_type":34,"activity_start_time":1657036800,"activity_end_time":1693497599,"cat_id1":17285,"scores":{},"group_price_origin":1590},{"goods_id":236656932331,"goods_name":"安可新安心裤大码裤型卫生巾透气干爽防侧漏安睡裤经期夜用姨妈巾","short_name":"安可新安心裤大码裤型卫生巾透气干爽防侧漏安睡裤经期夜用姨妈巾","thumb_url":"https://img.pddpic.com/gaudit-image/2022-03-02/55b27b9d89b8562eb0e9e69032d412e0.jpeg","hd_thumb_url":"https://img.pddpic.com/gaudit-image/2022-03-02/55b27b9d89b8562eb0e9e69032d412e0.jpeg","sales":100000,"group_price":2839,"normal_price":3990,"market_price":5900,"sales_tip":"已拼10万+件","link_url":"goods.html?goods_id=236656932331","hd_url":"https://img.pddpic.com/mms-material-img/2022-03-02/9a1fa7fb-aad6-48f5-ba24-fef50c20d817.jpeg","quantity":100,"activity_type":34,"activity_start_time":1652519336,"activity_end_time":1715677736,"cat_id1":17285,"scores":{},"group_price_origin":3890},{"goods_id":7690356670,"goods_name":"凯锐思 红肉猫罐头猫咪幼猫成猫增肥营养整箱零食170g8罐","short_name":"凯锐思 红肉猫罐头猫咪幼猫成猫增肥营养整箱零食170g8罐","thumb_url":"https://img.pddpic.com/gaudit-image/2022-07-14/0a3265f10a52a2212a3e6ee0a760d8b3.jpeg","hd_thumb_url":"https://img.pddpic.com/gaudit-image/2022-07-14/0a3265f10a52a2212a3e6ee0a760d8b3.jpeg","sales":96000,"group_price":2850,"normal_price":4900,"market_price":21900,"sales_tip":"已拼9.6万件","link_url":"goods.html?goods_id=7690356670","hd_url":"https://img.pddpic.com/open-gw/2022-07-14/2f7a8bcf-0219-41fc-830a-7b46d164d76a.jpeg","quantity":100,"activity_type":34,"activity_start_time":1656345600,"activity_end_time":1722441599,"cat_id1":16288,"scores":{},"group_price_origin":4500},{"goods_id":208605308597,"goods_name":"麦富迪成猫粮10kg20斤营养森林粮增肥发腮美短蓝猫美毛明目天然粮","short_name":"麦富迪成猫粮10kg20斤营养森林粮增肥发腮美短蓝猫美毛明目天然粮","thumb_url":"https://t00img.yangkeduo.com/goods/images/2021-02-03/fdc6f87d085a5c7ad763e95c3cbbfa47.jpeg","hd_thumb_url":"https://t00img.yangkeduo.com/goods/images/2021-02-03/fdc6f87d085a5c7ad763e95c3cbbfa47.jpeg","sales":21000,"group_price":11285,"normal_price":17500,"market_price":18600,"sales_tip":"已拼2.1万件","link_url":"goods.html?goods_id=208605308597","hd_url":"https://img.pddpic.com/mms-material-img/2021-02-03/3fe1172a-dea2-408f-9396-67d8a43e9e8c.jpeg.a.jpeg","quantity":100,"activity_type":34,"activity_start_time":1661011200,"activity_end_time":1661270400,"cat_id1":16288,"scores":{},"group_price_origin":12600},{"goods_id":250493214442,"goods_name":"冷酸灵牙膏双重抗敏感洁白健齿口臭清新口气护龈去渍家庭装实惠装","short_name":"冷酸灵牙膏双重抗敏感洁白健齿口臭清新口气护龈去渍家庭装实惠装","thumb_url":"https://img.pddpic.com/gaudit-image/2021-12-29/c5fe2c4fea330dba22e555512af2f1cc.jpeg","hd_thumb_url":"https://img.pddpic.com/gaudit-image/2021-12-29/c5fe2c4fea330dba22e555512af2f1cc.jpeg","sales":100000,"group_price":1460,"normal_price":1800,"market_price":3200,"sales_tip":"总售10万+件","link_url":"goods.html?goods_id=250493214442","hd_url":"https://img.pddpic.com/mms-material-img/2021-12-29/c31df6fb-5560-4fa0-89ff-a8928b790956.jpeg.a.jpeg","quantity":100,"activity_type":34,"activity_start_time":1645977600,"activity_end_time":1680192000,"cat_id1":17285,"scores":{},"group_price_origin":1690},{"goods_id":346599451446,"goods_name":"妙洁保鲜袋家用食品级冰箱点断式食品专用保鲜食品袋耐高温一次性","short_name":"妙洁保鲜袋家用食品级冰箱点断式食品专用保鲜食品袋耐高温一次性","thumb_url":"https://img.pddpic.com/gaudit-image/2022-04-07/ace6ad5fa9c466247b43d22995aa9c22.jpeg","hd_thumb_url":"https://img.pddpic.com/gaudit-image/2022-04-07/ace6ad5fa9c466247b43d22995aa9c22.jpeg","sales":11000,"group_price":1080,"normal_price":1690,"market_price":3490,"sales_tip":"已拼1.1万件","link_url":"goods.html?goods_id=346599451446","hd_url":"https://img.pddpic.com/mms-material-img/2022-04-07/db04d49e-433f-407e-a0a5-dd4b44d0d81e.jpeg","quantity":100,"activity_type":34,"activity_start_time":1658732507,"activity_end_time":1721890907,"cat_id1":16548,"scores":{},"group_price_origin":1590},{"goods_id":8168053687,"goods_name":"超能洗洁精不伤手去腥大桶批发食品级洗涤灵洗碗家庭大瓶官方正品","short_name":"超能洗洁精不伤手去腥大桶批发食品级洗涤灵洗碗家庭大瓶官方正品","thumb_url":"https://img.pddpic.com/gaudit-image/2022-06-21/67271627fe26f1f959feb6478163219f.jpeg","hd_thumb_url":"https://img.pddpic.com/gaudit-image/2022-06-21/67271627fe26f1f959feb6478163219f.jpeg","sales":100000,"group_price":2320,"normal_price":3990,"market_price":8000,"sales_tip":"已拼10万+件","link_url":"goods.html?goods_id=8168053687","hd_url":"https://img.pddpic.com/mms-material-img/2022-06-15/a6920ffa-fb23-4ac3-9294-153276c5d0d8.jpeg.a.jpeg","quantity":100,"activity_type":34,"activity_start_time":1660579200,"activity_end_time":1696089599,"cat_id1":17285,"scores":{},"group_price_origin":2890},{"goods_id":237171279958,"goods_name":"植护洗脸巾一次性纯棉加厚洁面巾卷筒抽取式擦脸卸妆化妆棉棉柔巾","short_name":"植护洗脸巾一次性纯棉加厚洁面巾卷筒抽取式擦脸卸妆化妆棉棉柔巾","thumb_url":"https://t00img.yangkeduo.com/goods/images/2021-04-29/5bade38951667a990abc9a4d6d4c9d87.jpeg","hd_thumb_url":"https://t00img.yangkeduo.com/goods/images/2021-04-29/5bade38951667a990abc9a4d6d4c9d87.jpeg","sales":100000,"group_price":980,"normal_price":1890,"market_price":5990,"sales_tip":"已拼10万+件","link_url":"goods.html?goods_id=237171279958","hd_url":"https://img.pddpic.com/mms-material-img/2021-04-29/2643bf63-6940-45f2-b387-ccdfe3b913b2.jpeg.a.jpeg","quantity":100,"activity_type":34,"activity_start_time":1650470400,"activity_end_time":1685548799,"cat_id1":17285,"scores":{},"group_price_origin":1690},{"goods_id":387023721411,"goods_name":"FaSoLa鞋子除臭喷雾除异味倒喷鞋袜香香喷雾军训宿舍寝室鞋柜球鞋","short_name":"FaSoLa鞋子除臭喷雾除异味倒喷鞋袜香香喷雾军训宿舍寝室鞋柜球鞋","thumb_url":"https://img.pddpic.com/gaudit-image/2022-07-11/fb86ce4d2d20901ae7dac2306a4b1085.jpeg","hd_thumb_url":"https://img.pddpic.com/gaudit-image/2022-07-11/fb86ce4d2d20901ae7dac2306a4b1085.jpeg","sales":5063,"group_price":940,"normal_price":1500,"market_price":4600,"sales_tip":"已拼5063件","link_url":"goods.html?goods_id=387023721411","hd_url":"https://img.pddpic.com/mms-material-img/2022-07-11/c14ea577-605d-4714-b8c0-2421ba432b2e.jpeg.a.jpeg","quantity":100,"activity_type":34,"activity_start_time":1659456000,"activity_end_time":1789401599,"cat_id1":16989,"scores":{},"group_price_origin":1390},{"goods_id":146909979,"goods_name":"La有氧洗威露士除菌洗衣液低泡易漂除螨去渍持久留香松木柠檬味","short_name":"La有氧洗威露士除菌洗衣液低泡易漂除螨去渍持久留香松木柠檬味","thumb_url":"https://img.pddpic.com/gaudit-image/2022-08-15/5a502c6c1fe66e26f19d3d90792f0739.jpeg","hd_thumb_url":"https://img.pddpic.com/gaudit-image/2022-08-15/5a502c6c1fe66e26f19d3d90792f0739.jpeg","sales":100000,"group_price":1970,"normal_price":2500,"market_price":19900,"sales_tip":"已拼10万+件","link_url":"goods.html?goods_id=146909979","hd_url":"https://img.pddpic.com/mms-material-img/2022-06-07/066f1a86-2466-4994-b9c1-62dd4c25f729.jpeg.a.jpeg","quantity":100,"activity_type":34,"activity_start_time":1651680000,"activity_end_time":1688140799,"cat_id1":17285,"scores":{},"group_price_origin":2400},{"goods_id":385655569798,"goods_name":"荣事达麦饭石不粘锅炒锅家用炒菜网红八角锅平底电磁炉煤气灶适用","short_name":"荣事达麦饭石不粘锅炒锅家用炒菜网红八角锅平底电磁炉煤气灶适用","thumb_url":"https://img.pddpic.com/gaudit-image/2022-07-06/78dd6bb0856b6c1378e74537656c9079.jpeg","hd_thumb_url":"https://img.pddpic.com/gaudit-image/2022-07-06/78dd6bb0856b6c1378e74537656c9079.jpeg","sales":12000,"group_price":8449,"normal_price":16500,"market_price":29900,"sales_tip":"已拼1.2万件","link_url":"goods.html?goods_id=385655569798","hd_url":"https://img.pddpic.com/open-gw/2022-07-06/f9f38fce-b46d-4053-b178-bcca0864dd1c.jpeg","quantity":100,"activity_type":34,"activity_start_time":1658764800,"activity_end_time":1789401599,"cat_id1":16676,"scores":{},"group_price_origin":14967},{"goods_id":243387597693,"goods_name":"洁柔纸巾抽纸批发整箱大包三层可湿水面巾纸家用餐巾纸无香百花香","short_name":"洁柔纸巾抽纸批发整箱大包三层可湿水面巾纸家用餐巾纸无香百花香","thumb_url":"https://img.pddpic.com/gaudit-image/2022-03-05/90c76d26a326c09aa49af15000ba11f2.jpeg","hd_thumb_url":"https://img.pddpic.com/gaudit-image/2022-03-05/90c76d26a326c09aa49af15000ba11f2.jpeg","sales":100000,"group_price":3940,"normal_price":5490,"market_price":13990,"sales_tip":"已拼10万+件","link_url":"goods.html?goods_id=243387597693","hd_url":"https://img.pddpic.com/mms-material-img/2022-03-05/071f8c64-cc18-4950-a0a6-cd3f310a66c8.jpeg.a.jpeg","quantity":100,"activity_type":34,"activity_start_time":1660147200,"activity_end_time":1696089599,"cat_id1":17285,"scores":{},"group_price_origin":4799},{"goods_id":249400375960,"goods_name":"潘婷沁润水养洗发露滋养清润洗发水深水炮弹洗发液头发头皮清洁液","short_name":"潘婷沁润水养洗发露滋养清润洗发水深水炮弹洗发液头发头皮清洁液","thumb_url":"https://t00img.yangkeduo.com/goods/images/2021-06-02/e62db295c3d0e2b3893a14acfecd636e.jpeg","hd_thumb_url":"https://t00img.yangkeduo.com/goods/images/2021-06-02/e62db295c3d0e2b3893a14acfecd636e.jpeg","sales":12000,"group_price":4860,"normal_price":5890,"market_price":17990,"sales_tip":"总售4.7万件","link_url":"goods.html?goods_id=249400375960","hd_url":"https://img.pddpic.com/mms-material-img/2021-06-02/984754ef-7ae4-47f2-95ff-c07a4917f2ed.jpeg","quantity":100,"activity_type":34,"activity_start_time":1657641600,"activity_end_time":1725119999,"cat_id1":17285,"scores":{},"group_price_origin":5690},{"goods_id":205405060290,"goods_name":"小懒一次性医用口罩3层成人不勒耳防病毒防飞沫防细菌独立装透气","short_name":"小懒一次性医用口罩3层成人不勒耳防病毒防飞沫防细菌独立装透气","thumb_url":"https://t00img.yangkeduo.com/goods/images/2020-12-02/683a7af9c4aad2ad3cf989e2ed605307.jpeg","hd_thumb_url":"https://t00img.yangkeduo.com/goods/images/2020-12-02/683a7af9c4aad2ad3cf989e2ed605307.jpeg","sales":100000,"group_price":1660,"normal_price":2800,"market_price":18000,"sales_tip":"已拼10万+件","link_url":"goods.html?goods_id=205405060290","hd_url":"https://img.pddpic.com/mms-material-img/2020-12-02/18297a2b-43cd-443e-b012-f1d3963d2419.jpeg.a.jpeg","quantity":100,"activity_type":34,"activity_start_time":1654272000,"activity_end_time":1789401599,"cat_id1":16989,"scores":{},"group_price_origin":2500},{"goods_id":205427237051,"goods_name":"麦富迪猫粮10kg/8kg佰萃鳞虾成猫英短美短增肥发腮猫咪全价粮猫饭","short_name":"麦富迪猫粮10kg/8kg佰萃鳞虾成猫英短美短增肥发腮猫咪全价粮猫饭","thumb_url":"https://img.pddpic.com/gaudit-image/2022-01-20/f6b1607273a6e98bf1a83a53be41c9a3.jpeg","hd_thumb_url":"https://img.pddpic.com/gaudit-image/2022-01-20/f6b1607273a6e98bf1a83a53be41c9a3.jpeg","sales":100000,"group_price":9200,"normal_price":11000,"market_price":12000,"sales_tip":"已拼10万+件","link_url":"goods.html?goods_id=205427237051","hd_url":"https://img.pddpic.com/mms-material-img/2022-01-20/423eeeb3-1ed2-4741-9282-856455ce3303.png.a.jpeg","quantity":100,"activity_type":34,"activity_start_time":1661011200,"activity_end_time":1661270400,"cat_id1":16288,"scores":{},"group_price_origin":10200},{"goods_id":263997828524,"goods_name":"漫花卫生纸卷纸巾批发家用木浆大粗卷实惠装厕所擦手纸无芯卷筒纸","short_name":"漫花卫生纸卷纸巾批发家用木浆大粗卷实惠装厕所擦手纸无芯卷筒纸","thumb_url":"https://img.pddpic.com/gaudit-image/2021-08-25/11f1586eee15ec4e01e3a44409a032d1.jpeg","hd_thumb_url":"https://img.pddpic.com/gaudit-image/2021-08-25/11f1586eee15ec4e01e3a44409a032d1.jpeg","sales":100000,"group_price":1180,"normal_price":1290,"market_price":3390,"sales_tip":"已拼10万+件","link_url":"goods.html?goods_id=263997828524","hd_url":"https://img.pddpic.com/mms-material-img/2021-08-23/f6950237-4293-4812-a6c6-bd2599e03912.jpeg.a.jpeg","quantity":100,"activity_type":34,"activity_start_time":1656864000,"activity_end_time":1693497599,"cat_id1":17285,"scores":{},"group_price_origin":1190},{"goods_id":392680835440,"goods_name":"正品舒肤佳沐浴露大瓶家庭装男女沐浴液纯白清香清洁润肤沐浴乳","short_name":"正品舒肤佳沐浴露大瓶家庭装男女沐浴液纯白清香清洁润肤沐浴乳","thumb_url":"https://img.pddpic.com/gaudit-image/2022-07-21/9e54a2cf0761307f180da9d0ea1cb64f.jpeg","hd_thumb_url":"https://img.pddpic.com/gaudit-image/2022-07-21/9e54a2cf0761307f180da9d0ea1cb64f.jpeg","sales":3104,"group_price":2680,"normal_price":3770,"market_price":9380,"sales_tip":"已拼3104件","link_url":"goods.html?goods_id=392680835440","hd_url":"https://img.pddpic.com/mms-material-img/2022-07-04/fce9e185-8212-4a05-bd89-e6aa1d80a1a6.jpeg.a.jpeg","quantity":100,"activity_type":34,"activity_start_time":1658807431,"activity_end_time":1721965831,"cat_id1":17285,"scores":{},"group_price_origin":3670},{"goods_id":270508351745,"goods_name":"美丽雅壁挂式厨房垃圾桶家用橱柜无盖大号厨房分类悬挂收纳纸篓桶","short_name":"美丽雅壁挂式厨房垃圾桶家用橱柜无盖大号厨房分类悬挂收纳纸篓桶","thumb_url":"https://img.pddpic.com/gaudit-image/2022-01-11/6839ff25cd2b74d2ef5a9d40c9abd0f7.jpeg","hd_thumb_url":"https://img.pddpic.com/gaudit-image/2022-01-11/6839ff25cd2b74d2ef5a9d40c9abd0f7.jpeg","sales":16000,"group_price":1190,"normal_price":1690,"market_price":2990,"sales_tip":"已拼1.6万件","link_url":"goods.html?goods_id=270508351745","hd_url":"https://img.pddpic.com/mms-material-img/2021-08-17/a8acac9c-7d96-4fa0-b1ce-95bd95177df3.jpeg.a.jpeg","quantity":100,"activity_type":34,"activity_start_time":1656604800,"activity_end_time":1789401599,"cat_id1":16901,"scores":{},"group_price_origin":1590},{"goods_id":325867079693,"goods_name":"云南白药牙膏益优冰柠薄荷145g平衡口腔菌群强化口腔持久清新口气","short_name":"云南白药牙膏益优冰柠薄荷145g平衡口腔菌群强化口腔持久清新口气","thumb_url":"https://img.pddpic.com/gaudit-image/2022-08-05/1d75d47d94646da03bb643051f65134c.jpeg","hd_thumb_url":"https://img.pddpic.com/gaudit-image/2022-08-05/1d75d47d94646da03bb643051f65134c.jpeg","sales":5555,"group_price":1540,"normal_price":2090,"market_price":11900,"sales_tip":"已拼5555件","link_url":"goods.html?goods_id=325867079693","hd_url":"https://img.pddpic.com/mms-material-img/2022-08-05/fdad16f9-3665-4d0d-8e8f-b51c39156ee5.jpeg.a.jpeg","quantity":100,"activity_type":34,"activity_start_time":1659628800,"activity_end_time":1696003200,"cat_id1":17285,"scores":{},"group_price_origin":1690},{"goods_id":57366050388,"goods_name":"宝路狗粮7.2斤成犬专用全价中小型泰迪牛肉鸡肉深海鱼味1.8kg*2袋","short_name":"宝路狗粮7.2斤成犬专用全价中小型泰迪牛肉鸡肉深海鱼味1.8kg*2袋","thumb_url":"https://img.pddpic.com/gaudit-image/2022-05-10/5408c8ebe871d86de02cefedfbc1d090.jpeg","hd_thumb_url":"https://img.pddpic.com/gaudit-image/2022-05-10/5408c8ebe871d86de02cefedfbc1d090.jpeg","sales":86000,"group_price":5350,"normal_price":8740,"market_price":9800,"sales_tip":"已拼8.6万件","link_url":"goods.html?goods_id=57366050388","hd_url":"https://img.pddpic.com/mms-material-img/2022-05-10/1f80ae9b-0dea-4b8b-b597-8b5d529bf9eb.jpeg","quantity":100,"activity_type":34,"activity_start_time":1652976000,"activity_end_time":1719763199,"cat_id1":16288,"scores":{},"group_price_origin":8640},{"goods_id":129336835973,"goods_name":"洁丽雅洗碗刷碗海绵擦百洁布清洁厨房去污吸水不掉毛刷锅刷碗神器","short_name":"洁丽雅洗碗刷碗海绵擦百洁布清洁厨房去污吸水不掉毛刷锅刷碗神器","thumb_url":"https://t00img.yangkeduo.com/goods/images/2020-09-30/b9b47078e8eb545cac8168ccd5f545ee.jpeg","hd_thumb_url":"https://t00img.yangkeduo.com/goods/images/2020-09-30/b9b47078e8eb545cac8168ccd5f545ee.jpeg","sales":100000,"group_price":690,"normal_price":990,"market_price":4090,"sales_tip":"已拼10万+件","link_url":"goods.html?goods_id=129336835973","hd_url":"https://img.pddpic.com/mms-material-img/2020-09-28/9361e232-bf87-4699-9567-0e2227b388cd.jpeg.a.jpeg","quantity":100,"activity_type":34,"activity_start_time":1648137600,"activity_end_time":1892217599,"cat_id1":16901,"scores":{},"group_price_origin":890},{"goods_id":21230565620,"goods_name":"炊大皇加深平底锅不粘锅品牌炒菜锅家用牛排煎锅多功能煤气电磁炉","short_name":"炊大皇加深平底锅不粘锅品牌炒菜锅家用牛排煎锅多功能煤气电磁炉","thumb_url":"https://img.pddpic.com/gaudit-image/2022-02-14/588e81abf00c1dbc1a80317a67011f44.jpeg","hd_thumb_url":"https://img.pddpic.com/gaudit-image/2022-02-14/588e81abf00c1dbc1a80317a67011f44.jpeg","sales":100000,"group_price":5990,"normal_price":19090,"market_price":25700,"sales_tip":"已拼10万+件","link_url":"goods.html?goods_id=21230565620","hd_url":"https://img.pddpic.com/mms-material-img/2021-08-19/a65579dd-7d4f-4271-98c9-de5ffcad7928.jpeg.a.jpeg","quantity":100,"activity_type":34,"activity_start_time":1631462400,"activity_end_time":1718207999,"cat_id1":16676,"scores":{},"group_price_origin":8800},{"goods_id":1562452070,"goods_name":"【商超同款】丽邦抽纸整箱家庭装餐巾纸批发面巾纸家用卫生纸抽巾","short_name":"【商超同款】丽邦抽纸整箱家庭装餐巾纸批发面巾纸家用卫生纸抽巾","thumb_url":"https://img.pddpic.com/gaudit-image/2022-02-07/b1164301b26cba54aa82e40c9092bfa4.jpeg","hd_thumb_url":"https://img.pddpic.com/gaudit-image/2022-02-07/b1164301b26cba54aa82e40c9092bfa4.jpeg","sales":100000,"group_price":2720,"normal_price":3190,"market_price":5500,"sales_tip":"已拼10万+件","link_url":"goods.html?goods_id=1562452070","hd_url":"https://img.pddpic.com/mms-material-img/2022-02-03/07302734-5aae-4d58-91b9-f7ea682b8c87.jpeg","quantity":100,"activity_type":34,"activity_start_time":1656345600,"activity_end_time":1690819199,"cat_id1":17285,"scores":{},"group_price_origin":3090},{"goods_id":261234934813,"goods_name":"霸王何首乌洗发水大瓶育发液防脱发白发转黑发留香洗发旗舰店正品","short_name":"霸王何首乌洗发水大瓶育发液防脱发白发转黑发留香洗发旗舰店正品","thumb_url":"https://img.pddpic.com/gaudit-image/2022-08-15/b12abafc7af7595d1e0684dff1726989.jpeg","hd_thumb_url":"https://img.pddpic.com/gaudit-image/2022-08-15/b12abafc7af7595d1e0684dff1726989.jpeg","sales":62000,"group_price":1370,"normal_price":2190,"market_price":11000,"sales_tip":"已拼6.2万件","link_url":"goods.html?goods_id=261234934813","hd_url":"https://img.pddpic.com/mms-material-img/2022-08-15/584282e9-48af-4261-a7fe-88849f2953fd.jpeg","quantity":100,"activity_type":34,"activity_start_time":1659024000,"activity_end_time":1789315200,"cat_id1":17285,"scores":{},"group_price_origin":1990},{"goods_id":11376086,"goods_name":"心相印卫生纸卷纸整箱批发家用有芯卷筒纸巾大卷卫生间厕纸卷心纸","short_name":"心相印卫生纸卷纸整箱批发家用有芯卷筒纸巾大卷卫生间厕纸卷心纸","thumb_url":"https://img.pddpic.com/gaudit-image/2022-06-15/d6032029bc38eb506a25f686bc2e2017.jpeg","hd_thumb_url":"https://img.pddpic.com/gaudit-image/2022-06-15/d6032029bc38eb506a25f686bc2e2017.jpeg","sales":100000,"group_price":6790,"normal_price":7090,"market_price":27190,"sales_tip":"已拼10万+件","link_url":"goods.html?goods_id=11376086","hd_url":"https://img.pddpic.com/mms-material-img/2022-06-15/653149f9-973b-4705-afda-f84ec41e9ddb.jpeg.a.jpeg","quantity":100,"activity_type":34,"activity_start_time":1661011200,"activity_end_time":1661183999,"cat_id1":17285,"scores":{},"group_price_origin":6990},{"goods_id":242851353497,"goods_name":"威露士洗衣液低泡易漂除菌除螨强效杀菌去渍持久留香松木香味瓶","short_name":"威露士洗衣液低泡易漂除菌除螨强效杀菌去渍持久留香松木香味瓶","thumb_url":"https://img.pddpic.com/gaudit-image/2022-08-10/898d7c70f6bac619e11fd87eb249a012.jpeg","hd_thumb_url":"https://img.pddpic.com/gaudit-image/2022-08-10/898d7c70f6bac619e11fd87eb249a012.jpeg","sales":100000,"group_price":1190,"normal_price":1790,"market_price":19900,"sales_tip":"已拼10万+件","link_url":"goods.html?goods_id=242851353497","hd_url":"https://img.pddpic.com/mms-material-img/2022-06-07/3ba529bd-99aa-4ffc-b0ee-7fa7cf23e203.jpeg.a.jpeg","quantity":100,"activity_type":34,"activity_start_time":1660981800,"activity_end_time":1661183999,"cat_id1":17285,"scores":{},"group_price_origin":1590},{"goods_id":274487515180,"goods_name":"蓝月亮手洗洗衣液内衣裤专用香味持久去异味学生宿舍家庭装","short_name":"蓝月亮手洗洗衣液内衣裤专用香味持久去异味学生宿舍家庭装","thumb_url":"https://img.pddpic.com/gaudit-image/2022-06-16/a4dd753077c2e93a85dd313c0fa12356.jpeg","hd_thumb_url":"https://img.pddpic.com/gaudit-image/2022-06-16/a4dd753077c2e93a85dd313c0fa12356.jpeg","sales":17000,"group_price":1970,"normal_price":3970,"market_price":50000,"sales_tip":"已拼1.7万件","link_url":"goods.html?goods_id=274487515180","hd_url":"https://img.pddpic.com/mms-material-img/2022-06-16/6a856753-3b10-4a52-99c1-368d9a735156.jpeg","quantity":100,"activity_type":34,"activity_start_time":1660060800,"activity_end_time":1696089599,"cat_id1":17285,"scores":{},"group_price_origin":2480},{"goods_id":6397121411,"goods_name":"蓉城电子秤商用小型做生意家用30kg精准电子称菜卖菜摆摊市斤厨房","short_name":"蓉城电子秤商用小型做生意家用30kg精准电子称菜卖菜摆摊市斤厨房","thumb_url":"https://img.pddpic.com/gaudit-image/2022-04-29/2a663dbb8736ff46ccd2c86a2a849cdf.jpeg","hd_thumb_url":"https://img.pddpic.com/gaudit-image/2022-04-29/2a663dbb8736ff46ccd2c86a2a849cdf.jpeg","sales":100000,"group_price":5690,"normal_price":6600,"market_price":21800,"sales_tip":"已拼10万+件","link_url":"goods.html?goods_id=6397121411","hd_url":"https://img.pddpic.com/mms-material-img/2022-04-29/8cb5a031-c44d-4926-9aa8-277b661b0b68.jpeg","quantity":100,"activity_type":34,"activity_start_time":1660665600,"activity_end_time":1789401599,"cat_id1":16676,"scores":{},"group_price_origin":6480},{"goods_id":8823693905,"goods_name":"高洁丝卫生巾极薄棉柔迷你护翼190mm组合装整箱批发价女姨妈护垫","short_name":"高洁丝卫生巾极薄棉柔迷你护翼190mm组合装整箱批发价女姨妈护垫","thumb_url":"https://t00img.yangkeduo.com/goods/images/2020-12-23/dc80290dfb1ce604061f56af094e16b2.jpeg","hd_thumb_url":"https://t00img.yangkeduo.com/goods/images/2020-12-23/dc80290dfb1ce604061f56af094e16b2.jpeg","sales":100000,"group_price":930,"normal_price":2990,"market_price":9990,"sales_tip":"已拼10万+件","link_url":"goods.html?goods_id=8823693905","hd_url":"https://img.pddpic.com/mms-material-img/2020-12-23/853432f2-68b3-4ef4-a6b7-d1f2f31b2072.png.a.jpeg","quantity":100,"activity_type":34,"activity_start_time":1660838400,"activity_end_time":1696694399,"cat_id1":17285,"scores":{},"group_price_origin":1460},{"goods_id":342020948666,"goods_name":"云南白药牙膏留兰香型护龈清新口气薄荷减轻牙龈疼痛经典系列正品","short_name":"云南白药牙膏留兰香型护龈清新口气薄荷减轻牙龈疼痛经典系列正品","thumb_url":"https://img.pddpic.com/gaudit-image/2022-03-30/e755a749f29f82fd11af2eb255fa74fd.jpeg","hd_thumb_url":"https://img.pddpic.com/gaudit-image/2022-03-30/e755a749f29f82fd11af2eb255fa74fd.jpeg","sales":71000,"group_price":1900,"normal_price":3900,"market_price":11100,"sales_tip":"已拼7.1万件","link_url":"goods.html?goods_id=342020948666","hd_url":"https://img.pddpic.com/mms-material-img/2022-03-30/b057ed59-373d-4a23-9497-6aadfa435319.jpeg.a.jpeg","quantity":100,"activity_type":34,"activity_start_time":1657555200,"activity_end_time":1693497599,"cat_id1":17285,"scores":{},"group_price_origin":3160},{"goods_id":297332878891,"goods_name":"雪貂三代狗狗沐浴露杀菌除臭宠物猫洗澡比熊泰迪金毛香波浴液用品","short_name":"雪貂三代狗狗沐浴露杀菌除臭宠物猫洗澡比熊泰迪金毛香波浴液用品","thumb_url":"https://img.pddpic.com/gaudit-image/2021-11-06/6d42b210b2393adf8e234d1f5da55763.jpeg","hd_thumb_url":"https://img.pddpic.com/gaudit-image/2021-11-06/6d42b210b2393adf8e234d1f5da55763.jpeg","sales":66000,"group_price":2330,"normal_price":3990,"market_price":6900,"sales_tip":"已拼6.6万件","link_url":"goods.html?goods_id=297332878891","hd_url":"https://img.pddpic.com/mms-material-img/2021-11-06/eaf4ccc8-af14-4708-93bf-805f54e312b0.jpeg.a.jpeg","quantity":100,"activity_type":34,"activity_start_time":1652112000,"activity_end_time":1751126400,"cat_id1":16288,"scores":{},"group_price_origin":2990},{"goods_id":360451290125,"goods_name":"佳帮手铝合金衣架多夹子袜夹凉袜子架晾晒挂钩家用多功能晾衣神器","short_name":"佳帮手铝合金衣架多夹子袜夹凉袜子架晾晒挂钩家用多功能晾衣神器","thumb_url":"https://img.pddpic.com/gaudit-image/2022-08-01/3c14f9544f9716b8728c5e811beb3be5.jpeg","hd_thumb_url":"https://img.pddpic.com/gaudit-image/2022-08-01/3c14f9544f9716b8728c5e811beb3be5.jpeg","sales":12000,"group_price":1650,"normal_price":4090,"market_price":6799,"sales_tip":"已拼1.2万件","link_url":"goods.html?goods_id=360451290125","hd_url":"https://img.pddpic.com/mms-material-img/2022-08-01/9e78e850-14b3-4d97-86a5-72997dd5bbba.jpeg.a.jpeg","quantity":100,"activity_type":34,"activity_start_time":1653926400,"activity_end_time":1789401599,"cat_id1":16794,"scores":{},"group_price_origin":2090},{"goods_id":343301627159,"goods_name":"【荣事达】优选麦饭石平底锅煎锅火山岩炒菜锅不粘锅燃气电磁通用","short_name":"【荣事达】优选麦饭石平底锅煎锅火山岩炒菜锅不粘锅燃气电磁通用","thumb_url":"https://img.pddpic.com/gaudit-image/2022-03-30/231fdc650718e5e252010e227bc9ed91.jpeg","hd_thumb_url":"https://img.pddpic.com/gaudit-image/2022-03-30/231fdc650718e5e252010e227bc9ed91.jpeg","sales":100000,"group_price":8900,"normal_price":12800,"market_price":20800,"sales_tip":"已拼10万+件","link_url":"goods.html?goods_id=343301627159","hd_url":"https://img.pddpic.com/mms-material-img/2022-03-30/ac7f22d1-7441-4c70-b536-d7f7f2e65449.jpeg.a.jpeg","quantity":100,"activity_type":34,"activity_start_time":1651334400,"activity_end_time":1789401599,"cat_id1":16676,"scores":{},"group_price_origin":10800},{"goods_id":9566946,"goods_name":"心相印抽纸茶语餐巾纸卫生纸母婴面巾纸厕纸家用纸巾手纸整箱批发","short_name":"心相印抽纸茶语餐巾纸卫生纸母婴面巾纸厕纸家用纸巾手纸整箱批发","thumb_url":"https://img.pddpic.com/gaudit-image/2022-07-16/ec03e21b540607cf83279834684d0fd9.jpeg","hd_thumb_url":"https://img.pddpic.com/gaudit-image/2022-07-16/ec03e21b540607cf83279834684d0fd9.jpeg","sales":100000,"group_price":3650,"normal_price":4590,"market_price":19090,"sales_tip":"已拼10万+件","link_url":"goods.html?goods_id=9566946","hd_url":"https://img.pddpic.com/mms-material-img/2022-07-16/f2cbdd6b-efa7-49cd-ad31-d0ebbfc00ebe.jpeg.a.jpeg","quantity":100,"activity_type":34,"activity_start_time":1660838400,"activity_end_time":1696003200,"cat_id1":17285,"scores":{},"group_price_origin":4080},{"goods_id":111225664762,"goods_name":"正品海飞丝洗发水去屑止痒露清爽去油丝质柔顺乳男女通用洗头发膏","short_name":"正品海飞丝洗发水去屑止痒露清爽去油丝质柔顺乳男女通用洗头发膏","thumb_url":"https://img.pddpic.com/gaudit-image/2021-12-06/5556146647a7a9791a863d6706f9ce87.jpeg","hd_thumb_url":"https://img.pddpic.com/gaudit-image/2021-12-06/5556146647a7a9791a863d6706f9ce87.jpeg","sales":70000,"group_price":3080,"normal_price":4380,"market_price":11100,"sales_tip":"已拼7万件","link_url":"goods.html?goods_id=111225664762","hd_url":"https://img.pddpic.com/mms-material-img/2021-12-06/baf337f6-e0e6-45ef-91d4-737d2732035a.jpeg.a.jpeg","quantity":100,"activity_type":34,"activity_start_time":1652716800,"activity_end_time":1719763199,"cat_id1":17285,"scores":{},"group_price_origin":4280},{"goods_id":221830962554,"goods_name":"麦富迪猫粮佰萃成猫专用天然粮英短美短蓝猫室内成年猫食4kg8斤","short_name":"麦富迪猫粮佰萃成猫专用天然粮英短美短蓝猫室内成年猫食4kg8斤","thumb_url":"https://img.pddpic.com/gaudit-image/2021-12-08/44193f07487e913b897232f230853297.jpeg","hd_thumb_url":"https://img.pddpic.com/gaudit-image/2021-12-08/44193f07487e913b897232f230853297.jpeg","sales":9075,"group_price":4990,"normal_price":8900,"market_price":9000,"sales_tip":"已拼9075件","link_url":"goods.html?goods_id=221830962554","hd_url":"https://img.pddpic.com/mms-material-img/2021-12-08/c64f1323-5b6c-4323-bef1-1f1b26bb8f25.jpeg.a.jpeg","quantity":100,"activity_type":34,"activity_start_time":1656345600,"activity_end_time":1789315200,"cat_id1":16288,"scores":{},"group_price_origin":5600},{"goods_id":384736918650,"goods_name":"活力28洗衣液天然香水酵素去污渍油渍持久留香低泡易漂家庭批发装","short_name":"活力28洗衣液天然香水酵素去污渍油渍持久留香低泡易漂家庭批发装","thumb_url":"https://img.pddpic.com/gaudit-image/2022-07-05/3d650607396fa691ff32637c502cfcda.jpeg","hd_thumb_url":"https://img.pddpic.com/gaudit-image/2022-07-05/3d650607396fa691ff32637c502cfcda.jpeg","sales":1837,"group_price":1200,"normal_price":1990,"market_price":9900,"sales_tip":"已拼1837件","link_url":"goods.html?goods_id=384736918650","hd_url":"https://img.pddpic.com/mms-material-img/2022-07-05/47fb5b39-4233-4fb6-b927-4eafc9c0356c.jpeg.a.jpeg","quantity":100,"activity_type":34,"activity_start_time":1660579200,"activity_end_time":1696089599,"cat_id1":17285,"scores":{},"group_price_origin":1290},{"goods_id":272840037006,"goods_name":"太太乐拖把2021新款免手洗挤水懒人拖地神器2020平板家用一拖墩地","short_name":"太太乐拖把2021新款免手洗挤水懒人拖地神器2020平板家用一拖墩地","thumb_url":"https://img.pddpic.com/gaudit-image/2022-08-19/72aada851f2d01ddf958b40e7bd860ae.jpeg","hd_thumb_url":"https://img.pddpic.com/gaudit-image/2022-08-19/72aada851f2d01ddf958b40e7bd860ae.jpeg","sales":100000,"group_price":1190,"normal_price":1590,"market_price":6190,"sales_tip":"已拼10万+件","link_url":"goods.html?goods_id=272840037006","hd_url":"https://img.pddpic.com/mms-material-img/2022-08-19/ecfdac7d-31d6-401b-a712-b42b421a4c6d.jpeg.a.jpeg","quantity":100,"activity_type":34,"activity_start_time":1661097600,"activity_end_time":1789401599,"cat_id1":16901,"scores":{},"group_price_origin":1490},{"goods_id":377779307860,"goods_name":"迪士尼智能儿童保温水杯小学生男童女孩带吸管幼儿园上学专用水壶","short_name":"迪士尼智能儿童保温水杯小学生男童女孩带吸管幼儿园上学专用水壶","thumb_url":"https://img.pddpic.com/gaudit-image/2022-06-19/5bef9a46bd49fe8f69b9dc76c0952679.jpeg","hd_thumb_url":"https://img.pddpic.com/gaudit-image/2022-06-19/5bef9a46bd49fe8f69b9dc76c0952679.jpeg","sales":706,"group_price":9600,"normal_price":12900,"market_price":19900,"sales_tip":"已拼706件","link_url":"goods.html?goods_id=377779307860","hd_url":"https://img.pddpic.com/mms-material-img/2022-06-19/c7ec4bda-c224-4d9d-9996-c3dec4e3ba97.jpeg.a.jpeg","quantity":100,"activity_type":34,"activity_start_time":1659456000,"activity_end_time":1789401599,"cat_id1":16548,"scores":{},"group_price_origin":12800},{"goods_id":6007667542,"goods_name":"苏菲卫生巾日夜用组合装超熟睡420正品姨妈巾女学生一整箱批发价","short_name":"苏菲卫生巾日夜用组合装超熟睡420正品姨妈巾女学生一整箱批发价","thumb_url":"https://img.pddpic.com/gaudit-image/2022-05-18/76d6a06600b8568580b279e6ccdeee46.jpeg","hd_thumb_url":"https://img.pddpic.com/gaudit-image/2022-05-18/76d6a06600b8568580b279e6ccdeee46.jpeg","sales":100000,"group_price":680,"normal_price":2990,"market_price":12900,"sales_tip":"已拼10万+件","link_url":"goods.html?goods_id=6007667542","hd_url":"https://img.pddpic.com/mms-material-img/2022-05-18/60a557da-c9f3-47bc-84b8-5df30e5bc655.jpeg.a.jpeg","quantity":100,"activity_type":34,"activity_start_time":1660147200,"activity_end_time":1696089599,"cat_id1":17285,"scores":{},"group_price_origin":1690},{"goods_id":9023114605,"goods_name":"舒客牙膏家庭实惠装大容量家用男女学生美白去黄牙渍口臭清新口气","short_name":"舒客牙膏家庭实惠装大容量家用男女学生美白去黄牙渍口臭清新口气","thumb_url":"https://img.pddpic.com/gaudit-image/2022-02-23/b91b75bad45298a9431eca2f93abbd16.jpeg","hd_thumb_url":"https://img.pddpic.com/gaudit-image/2022-02-23/b91b75bad45298a9431eca2f93abbd16.jpeg","sales":100000,"group_price":2290,"normal_price":2990,"market_price":5200,"sales_tip":"已拼10万+件","link_url":"goods.html?goods_id=9023114605","hd_url":"https://img.pddpic.com/mms-material-img/2022-02-23/b5e5ca31-9c23-4f25-95dc-d79de931fc18.jpeg.a.jpeg","quantity":100,"activity_type":34,"activity_start_time":1653309500,"activity_end_time":1716467900,"cat_id1":17285,"scores":{},"group_price_origin":2490},{"goods_id":266077914540,"goods_name":"心相印无芯卷筒纸实芯卷纸三层批发卫生纸厕纸家庭实惠装无芯卷纸","short_name":"心相印无芯卷筒纸实芯卷纸三层批发卫生纸厕纸家庭实惠装无芯卷纸","thumb_url":"https://t00img.yangkeduo.com/goods/images/2021-07-31/45c8f5b2b3b4e47bb9cf3198e7eab359.jpeg","hd_thumb_url":"https://t00img.yangkeduo.com/goods/images/2021-07-31/45c8f5b2b3b4e47bb9cf3198e7eab359.jpeg","sales":100000,"group_price":1640,"normal_price":1900,"market_price":3490,"sales_tip":"已拼10万+件","link_url":"goods.html?goods_id=266077914540","hd_url":"https://img.pddpic.com/mms-material-img/2021-07-31/1d856de0-c022-4b08-8a0e-07c3ebe44ad1.jpeg","quantity":100,"activity_type":34,"activity_start_time":1660060800,"activity_end_time":1696089599,"cat_id1":17285,"scores":{},"group_price_origin":1800},{"goods_id":332205699158,"goods_name":"除螨喷雾家用杀虫青花椒除菌克星床上杀螨免洗去螨虫神器祛除螨剂","short_name":"除螨喷雾家用杀虫青花椒除菌克星床上杀螨免洗去螨虫神器祛除螨剂","thumb_url":"https://img.pddpic.com/gaudit-image/2022-04-02/37c6de1e30e1caec387e8bddabd8a97c.jpeg","hd_thumb_url":"https://img.pddpic.com/gaudit-image/2022-04-02/37c6de1e30e1caec387e8bddabd8a97c.jpeg","sales":100000,"group_price":819,"normal_price":2980,"market_price":16800,"sales_tip":"已拼10万+件","link_url":"goods.html?goods_id=332205699158","hd_url":"https://img.pddpic.com/mms-material-img/2022-04-02/859cc774-06e6-494d-9bc5-7caeef718d6c.jpeg","quantity":100,"activity_type":34,"activity_start_time":1660060800,"activity_end_time":1789401599,"cat_id1":16989,"scores":{},"group_price_origin":2380},{"goods_id":367551567448,"goods_name":"荣事达微压锅麦饭石锅不粘锅蒸炒锅家用麦石炒菜电磁炉燃气灶适用","short_name":"荣事达微压锅麦饭石锅不粘锅蒸炒锅家用麦石炒菜电磁炉燃气灶适用","thumb_url":"https://img.pddpic.com/gaudit-image/2022-05-26/95a8e11e0f25f4b0fcf3c27b214947d9.jpeg","hd_thumb_url":"https://img.pddpic.com/gaudit-image/2022-05-26/95a8e11e0f25f4b0fcf3c27b214947d9.jpeg","sales":11000,"group_price":5800,"normal_price":25000,"market_price":28000,"sales_tip":"已拼1.1万件","link_url":"goods.html?goods_id=367551567448","hd_url":"https://img.pddpic.com/open-gw/2022-05-26/69e476f9-d0da-4c43-bd82-189dc0e99bea.jpeg","quantity":100,"activity_type":34,"activity_start_time":1654444800,"activity_end_time":1789401599,"cat_id1":16676,"scores":{},"group_price_origin":13000},{"goods_id":264539003598,"goods_name":"洁柔Face粉抽纸可湿水面巾纸无香家用纸巾批发3层实惠装餐巾纸","short_name":"洁柔Face粉抽纸可湿水面巾纸无香家用纸巾批发3层实惠装餐巾纸","thumb_url":"https://img.pddpic.com/gaudit-image/2022-03-01/68faabf57605dac54c94efb6fae7037d.jpeg","hd_thumb_url":"https://img.pddpic.com/gaudit-image/2022-03-01/68faabf57605dac54c94efb6fae7037d.jpeg","sales":100000,"group_price":4290,"normal_price":5490,"market_price":9990,"sales_tip":"已拼10万+件","link_url":"goods.html?goods_id=264539003598","hd_url":"https://img.pddpic.com/mms-material-img/2022-03-01/c332950a-a807-4f20-a4bd-525e3bae670c.jpeg.a.jpeg","quantity":100,"activity_type":34,"activity_start_time":1660492800,"activity_end_time":1696089599,"cat_id1":17285,"scores":{},"group_price_origin":4390},{"goods_id":327259687232,"goods_name":"正品潘婷洗发水乳液修护丝质顺滑去屑洗发露护发素润发乳滋养柔顺","short_name":"正品潘婷洗发水乳液修护丝质顺滑去屑洗发露护发素润发乳滋养柔顺","thumb_url":"https://img.pddpic.com/gaudit-image/2022-02-16/58cfb2492f7253c3ca58f06a055a9526.jpeg","hd_thumb_url":"https://img.pddpic.com/gaudit-image/2022-02-16/58cfb2492f7253c3ca58f06a055a9526.jpeg","sales":45000,"group_price":2080,"normal_price":3280,"market_price":7180,"sales_tip":"已拼4.5万件","link_url":"goods.html?goods_id=327259687232","hd_url":"https://img.pddpic.com/mms-material-img/2022-02-16/a6fe5ce1-80b4-4dcf-b2c0-5760dfc5396d.jpeg.a.jpeg","quantity":100,"activity_type":34,"activity_start_time":1658073600,"activity_end_time":1725119999,"cat_id1":17285,"scores":{},"group_price_origin":3180},{"goods_id":392004379033,"goods_name":"天堂伞雨伞超大号男女双人三人伞晴雨两用折叠黑胶防晒加大太阳伞","short_name":"天堂伞雨伞超大号男女双人三人伞晴雨两用折叠黑胶防晒加大太阳伞","thumb_url":"https://img.pddpic.com/gaudit-image/2022-07-20/a59ea8f8d508a9857574603276e66a2d.jpeg","hd_thumb_url":"https://img.pddpic.com/gaudit-image/2022-07-20/a59ea8f8d508a9857574603276e66a2d.jpeg","sales":38000,"group_price":2850,"normal_price":8800,"market_price":8900,"sales_tip":"已拼3.8万件","link_url":"goods.html?goods_id=392004379033","hd_url":"https://img.pddpic.com/mms-material-img/2022-07-20/6b9feef2-32bb-489f-a3d7-63747f3da390.jpeg.a.jpeg","quantity":100,"activity_type":34,"activity_start_time":1659369600,"activity_end_time":1789401599,"cat_id1":16989,"scores":{},"group_price_origin":3380},{"goods_id":352263415373,"goods_name":"万宝绿儿童专用3d立体口罩婴幼儿宝宝0-3岁透气不闷3-6岁独立包装","short_name":"万宝绿儿童专用3d立体口罩婴幼儿宝宝0-3岁透气不闷3-6岁独立包装","thumb_url":"https://img.pddpic.com/gaudit-image/2022-05-16/5abece5b5180d820652f0da9890d62e4.jpeg","hd_thumb_url":"https://img.pddpic.com/gaudit-image/2022-05-16/5abece5b5180d820652f0da9890d62e4.jpeg","sales":13000,"group_price":551,"normal_price":980,"market_price":8880,"sales_tip":"已拼1.3万件","link_url":"goods.html?goods_id=352263415373","hd_url":"https://img.pddpic.com/mms-material-img/2022-05-16/0b6ac5eb-2c1a-4950-a2b5-3857f12508c2.jpeg.a.jpeg","quantity":100,"activity_type":34,"activity_start_time":1654012800,"activity_end_time":1789401599,"cat_id1":16989,"scores":{},"group_price_origin":880},{"goods_id":227065020883,"goods_name":"百家好世拖把神器一拖净免手洗家用多功能拖地板瓷砖平板拖套装布","short_name":"百家好世拖把神器一拖净免手洗家用多功能拖地板瓷砖平板拖套装布","thumb_url":"https://img.pddpic.com/gaudit-image/2022-06-23/9255db7d8c4954aaa536f8b80d4468fd.jpeg","hd_thumb_url":"https://img.pddpic.com/gaudit-image/2022-06-23/9255db7d8c4954aaa536f8b80d4468fd.jpeg","sales":100000,"group_price":960,"normal_price":1790,"market_price":7090,"sales_tip":"已拼10万+件","link_url":"goods.html?goods_id=227065020883","hd_url":"https://img.pddpic.com/mms-material-img/2022-01-05/0a80651c-9667-4b0e-875f-61270844dc35.jpeg.a.jpeg","quantity":100,"activity_type":34,"activity_start_time":1653920413,"activity_end_time":1717078813,"cat_id1":16901,"scores":{},"group_price_origin":1490},{"goods_id":318099310936,"goods_name":"硅藻泥软垫吸水垫卫生间门口地垫硅藻土防滑浴室脚垫卫浴厕所地毯","short_name":"硅藻泥软垫吸水垫卫生间门口地垫硅藻土防滑浴室脚垫卫浴厕所地毯","thumb_url":"https://img.pddpic.com/gaudit-image/2022-01-14/a52ab296c409a7222a32f42b4087928c.jpeg","hd_thumb_url":"https://img.pddpic.com/gaudit-image/2022-01-14/a52ab296c409a7222a32f42b4087928c.jpeg","sales":95000,"group_price":1590,"normal_price":3800,"market_price":9900,"sales_tip":"已拼9.5万件","link_url":"goods.html?goods_id=318099310936","hd_url":"https://img.pddpic.com/mms-material-img/2022-01-10/a99af36f-7617-4cc6-9c2e-7de80da24b9d.jpeg.a.jpeg","quantity":100,"activity_type":34,"activity_start_time":1659024000,"activity_end_time":1789401599,"cat_id1":16901,"scores":{},"group_price_origin":2800},{"goods_id":204457219295,"goods_name":"三樱双层玻璃杯隔热带把手办公泡茶杯水杯男高档带盖透明杯子定制","short_name":"三樱双层玻璃杯隔热带把手办公泡茶杯水杯男高档带盖透明杯子定制","thumb_url":"https://t00img.yangkeduo.com/goods/images/2021-07-23/611f986f6c6ad1ad5da9823cdaaef2d4.jpeg","hd_thumb_url":"https://t00img.yangkeduo.com/goods/images/2021-07-23/611f986f6c6ad1ad5da9823cdaaef2d4.jpeg","sales":100000,"group_price":1340,"normal_price":1890,"market_price":9900,"sales_tip":"已拼10万+件","link_url":"goods.html?goods_id=204457219295","hd_url":"https://img.pddpic.com/mms-material-img/2021-07-23/aa6a889e-f323-4059-bc79-b8eb86ac93bd.jpeg.a.jpeg","quantity":100,"activity_type":34,"activity_start_time":1660579200,"activity_end_time":1789401599,"cat_id1":16548,"scores":{},"group_price_origin":1690},{"goods_id":288069743073,"goods_name":"云南白药牙膏家庭组合230薄荷香型留兰清新口气美白健齿防固护龈","short_name":"云南白药牙膏家庭组合230薄荷香型留兰清新口气美白健齿防固护龈","thumb_url":"https://img.pddpic.com/gaudit-image/2022-08-01/00999b351bb43aa6e683a8447ce10262.jpeg","hd_thumb_url":"https://img.pddpic.com/gaudit-image/2022-08-01/00999b351bb43aa6e683a8447ce10262.jpeg","sales":100000,"group_price":1530,"normal_price":2400,"market_price":10100,"sales_tip":"总售10万+件","link_url":"goods.html?goods_id=288069743073","hd_url":"https://img.pddpic.com/mms-material-img/2022-08-01/4bfa067c-a2aa-48e2-9c8e-88bc5d1710d6.jpeg.a.jpeg","quantity":100,"activity_type":34,"activity_start_time":1660544100,"activity_end_time":1661961599,"cat_id1":17285,"scores":{},"group_price_origin":2280},{"goods_id":266688591680,"goods_name":"奥特曼儿童智能保温杯小学生男孩吸管水杯316食品级上学专用水壶","short_name":"奥特曼儿童智能保温杯小学生男孩吸管水杯316食品级上学专用水壶","thumb_url":"https://img.pddpic.com/gaudit-image/2022-04-12/0823e293fb8cf99f1b0da88316012054.jpeg","hd_thumb_url":"https://img.pddpic.com/gaudit-image/2022-04-12/0823e293fb8cf99f1b0da88316012054.jpeg","sales":2683,"group_price":7900,"normal_price":11000,"market_price":15900,"sales_tip":"总售7.6万件","link_url":"goods.html?goods_id=266688591680","hd_url":"https://img.pddpic.com/mms-material-img/2022-04-12/12d9b989-3053-4330-bcb8-59066aff1b3f.jpeg.a.jpeg","quantity":100,"activity_type":34,"activity_start_time":1655136000,"activity_end_time":1789401599,"cat_id1":16548,"scores":{},"group_price_origin":10900},{"goods_id":279703401650,"goods_name":"天喜买菜车小拉车爬楼折叠小拖车手拉小推车拉杆车家用便携购物车","short_name":"天喜买菜车小拉车爬楼折叠小拖车手拉小推车拉杆车家用便携购物车","thumb_url":"https://img.pddpic.com/gaudit-image/2021-09-30/d8a9f31513224a6283136237a4e745d7.jpeg","hd_thumb_url":"https://img.pddpic.com/gaudit-image/2021-09-30/d8a9f31513224a6283136237a4e745d7.jpeg","sales":100000,"group_price":3680,"normal_price":4800,"market_price":19900,"sales_tip":"已拼10万+件","link_url":"goods.html?goods_id=279703401650","hd_url":"https://img.pddpic.com/mms-material-img/2021-09-30/e8a6549f-166a-402e-97c0-199ee3295e7d.jpeg.a.jpeg","quantity":100,"activity_type":34,"activity_start_time":1650729600,"activity_end_time":1789401599,"cat_id1":16794,"scores":{},"group_price_origin":4190},{"goods_id":244733885219,"goods_name":"九阳不粘锅炒锅家用304不锈钢炒菜锅电磁炉煤气灶专用平底锅锅具","short_name":"九阳不粘锅炒锅家用304不锈钢炒菜锅电磁炉煤气灶专用平底锅锅具","thumb_url":"https://img.pddpic.com/gaudit-image/2022-07-25/a7b5c7341a86aa2c02a3adcb8c4e6d61.jpeg","hd_thumb_url":"https://img.pddpic.com/gaudit-image/2022-07-25/a7b5c7341a86aa2c02a3adcb8c4e6d61.jpeg","sales":29000,"group_price":11800,"normal_price":15800,"market_price":24800,"sales_tip":"已拼2.9万件","link_url":"goods.html?goods_id=244733885219","hd_url":"https://img.pddpic.com/mms-material-img/2022-07-25/fe68ae93-6d8f-4ce4-a633-385d53783b50.jpeg.a.jpeg","quantity":100,"activity_type":34,"activity_start_time":1660665600,"activity_end_time":1789401599,"cat_id1":16676,"scores":{},"group_price_origin":13800},{"goods_id":48036758387,"goods_name":"心心相印茶语丝享纸巾抽纸家用餐巾纸卫生纸纸抽面巾纸整箱批发","short_name":"心心相印茶语丝享纸巾抽纸家用餐巾纸卫生纸纸抽面巾纸整箱批发","thumb_url":"https://img.pddpic.com/gaudit-image/2022-02-23/eaf20e50c139dbd26c7a6e4cd8ab7f38.jpeg","hd_thumb_url":"https://img.pddpic.com/gaudit-image/2022-02-23/eaf20e50c139dbd26c7a6e4cd8ab7f38.jpeg","sales":100000,"group_price":3890,"normal_price":4090,"market_price":15700,"sales_tip":"已拼10万+件","link_url":"goods.html?goods_id=48036758387","hd_url":"https://img.pddpic.com/mms-material-img/2022-02-23/747758fb-716f-4ee6-82ff-1bfd117b26bb.png.a.jpeg","quantity":100,"activity_type":34,"activity_start_time":1653580800,"activity_end_time":1688140799,"cat_id1":17285,"scores":{},"group_price_origin":3990},{"goods_id":6722372015,"goods_name":"多芬洗发水官方正品空气感蓬松控油无硅油洗发水顺滑香味持久","short_name":"多芬洗发水官方正品空气感蓬松控油无硅油洗发水顺滑香味持久","thumb_url":"https://img.pddpic.com/gaudit-image/2022-05-05/dd9949438da93f8f103423eddf73c771.jpeg","hd_thumb_url":"https://img.pddpic.com/gaudit-image/2022-05-05/dd9949438da93f8f103423eddf73c771.jpeg","sales":84000,"group_price":4790,"normal_price":6090,"market_price":12990,"sales_tip":"已拼8.4万件","link_url":"goods.html?goods_id=6722372015","hd_url":"https://img.pddpic.com/mms-material-img/2022-05-05/ddefe62c-f3ea-4026-baf7-7ead12587fc1.jpeg.a.jpeg","quantity":100,"activity_type":34,"activity_start_time":1656864000,"activity_end_time":1754755199,"cat_id1":17285,"scores":{},"group_price_origin":5990},{"goods_id":179788019183,"goods_name":"家用奥妙洗衣液除菌除螨薰衣草留香超香持久内衣内裤专用厂家直销","short_name":"家用奥妙洗衣液除菌除螨薰衣草留香超香持久内衣内裤专用厂家直销","thumb_url":"https://img.pddpic.com/gaudit-image/2022-05-20/d48c02b6569c3ca55852b7a16c133483.jpeg","hd_thumb_url":"https://img.pddpic.com/gaudit-image/2022-05-20/d48c02b6569c3ca55852b7a16c133483.jpeg","sales":100000,"group_price":1390,"normal_price":2190,"market_price":9990,"sales_tip":"已拼10万+件","link_url":"goods.html?goods_id=179788019183","hd_url":"https://img.pddpic.com/mms-material-img/2022-05-20/e0fbdfc5-b17a-48cc-a5df-a37f4f399a60.jpeg.a.jpeg","quantity":100,"activity_type":34,"activity_start_time":1659974400,"activity_end_time":1696089599,"cat_id1":17285,"scores":{},"group_price_origin":1990},{"goods_id":238563938380,"goods_name":"同仁堂除螨喷雾床上免洗除螨神器正品除螨虫喷雾剂2瓶可搭除螨包","short_name":"同仁堂除螨喷雾床上免洗除螨神器正品除螨虫喷雾剂2瓶可搭除螨包","thumb_url":"https://img.pddpic.com/gaudit-image/2022-05-17/c9da0ed6c4d77baa5ced72278a92db60.jpeg","hd_thumb_url":"https://img.pddpic.com/gaudit-image/2022-05-17/c9da0ed6c4d77baa5ced72278a92db60.jpeg","sales":100000,"group_price":2990,"normal_price":4900,"market_price":7990,"sales_tip":"已拼10万+件","link_url":"goods.html?goods_id=238563938380","hd_url":"https://img.pddpic.com/mms-material-img/2022-05-17/0aa10fda-02b7-4f84-9220-73f577584c18.jpeg.a.jpeg","quantity":100,"activity_type":34,"activity_start_time":1620921600,"activity_end_time":1688140799,"cat_id1":17285,"scores":{},"group_price_origin":4800},{"goods_id":239565069380,"goods_name":"五月花3层3卷装厨房纸巾吸油吸水纸擦手纸餐巾纸卫生纸家用卷纸","short_name":"五月花3层3卷装厨房纸巾吸油吸水纸擦手纸餐巾纸卫生纸家用卷纸","thumb_url":"https://img.pddpic.com/gaudit-image/2022-08-18/4f5d9292e89d76e0be13711b29cfdbb7.jpeg","hd_thumb_url":"https://img.pddpic.com/gaudit-image/2022-08-18/4f5d9292e89d76e0be13711b29cfdbb7.jpeg","sales":28000,"group_price":890,"normal_price":2190,"market_price":3090,"sales_tip":"已拼2.8万件","link_url":"goods.html?goods_id=239565069380","hd_url":"https://img.pddpic.com/mms-material-img/2022-08-18/70af5c8f-2fe1-472e-b3c2-69fa878e4c33.jpeg.a.jpeg","quantity":100,"activity_type":34,"activity_start_time":1660665600,"activity_end_time":1696089599,"cat_id1":17285,"scores":{},"group_price_origin":1190},{"goods_id":78581679009,"goods_name":"天然檀木梳子女家用无静电脱发古风实木头梳长发直发卷发宽齿大号","short_name":"天然檀木梳子女家用无静电脱发古风实木头梳长发直发卷发宽齿大号","thumb_url":"https://img.pddpic.com/gaudit-image/2022-07-14/24b9fae169108eb5da8a4aa53c5d4096.jpeg","hd_thumb_url":"https://img.pddpic.com/gaudit-image/2022-07-14/24b9fae169108eb5da8a4aa53c5d4096.jpeg","sales":42000,"group_price":760,"normal_price":1580,"market_price":9000,"sales_tip":"已拼4.2万件","link_url":"goods.html?goods_id=78581679009","hd_url":"https://img.pddpic.com/mms-material-img/2022-07-13/95d2d2f5-6591-48c7-b684-a713ff159464.jpeg.a.jpeg","quantity":100,"activity_type":34,"activity_start_time":1658937600,"activity_end_time":1789401599,"cat_id1":16901,"scores":{},"group_price_origin":850},{"goods_id":167065327398,"goods_name":"舒肤佳香皂洁净留香洗细菌沐浴洗手两用108克家庭组合装 肥皂批发","short_name":"舒肤佳香皂洁净留香洗细菌沐浴洗手两用108克家庭组合装 肥皂批发","thumb_url":"https://img.pddpic.com/gaudit-image/2021-12-02/ccea31d65a5f2c2f542388696f22eaae.jpeg","hd_thumb_url":"https://img.pddpic.com/gaudit-image/2021-12-02/ccea31d65a5f2c2f542388696f22eaae.jpeg","sales":100000,"group_price":2598,"normal_price":3290,"market_price":7690,"sales_tip":"总售10万+件","link_url":"goods.html?goods_id=167065327398","hd_url":"https://img.pddpic.com/mms-material-img/2021-12-02/3e7b3f29-cbca-4215-88e7-76096157be0b.jpeg.a.jpeg","quantity":100,"activity_type":34,"activity_start_time":1661158559,"activity_end_time":1661443199,"cat_id1":17285,"scores":{},"group_price_origin":2991},{"goods_id":260129681072,"goods_name":"云南白药牙膏留兰香型30g/215g组合套装护龈清新口气去口臭便携装","short_name":"云南白药牙膏留兰香型30g/215g组合套装护龈清新口气去口臭便携装","thumb_url":"https://img.pddpic.com/gaudit-image/2022-07-13/9445eb995dc23ff09d787049911b942c.jpeg","hd_thumb_url":"https://img.pddpic.com/gaudit-image/2022-07-13/9445eb995dc23ff09d787049911b942c.jpeg","sales":13000,"group_price":2980,"normal_price":4400,"market_price":11900,"sales_tip":"总售10万+件","link_url":"goods.html?goods_id=260129681072","hd_url":"https://img.pddpic.com/mms-material-img/2022-07-13/bb96d55a-166c-4c80-85a6-0eee5463f7e8.jpeg.a.jpeg","quantity":100,"activity_type":34,"activity_start_time":1657728000,"activity_end_time":1693497599,"cat_id1":17285,"scores":{},"group_price_origin":4271},{"goods_id":130231100671,"goods_name":"心相印茶语手帕纸批发纸巾小包餐巾纸面巾纸便携式随身装卫生纸","short_name":"心相印茶语手帕纸批发纸巾小包餐巾纸面巾纸便携式随身装卫生纸","thumb_url":"https://t00img.yangkeduo.com/goods/images/2020-09-03/050cc654e115edb864c61eb910b254ea.jpeg","hd_thumb_url":"https://t00img.yangkeduo.com/goods/images/2020-09-03/050cc654e115edb864c61eb910b254ea.jpeg","sales":7764,"group_price":1750,"normal_price":3090,"market_price":9190,"sales_tip":"已拼7764件","link_url":"goods.html?goods_id=130231100671","hd_url":"https://img.pddpic.com/mms-material-img/2020-09-03/8e9ad0a2-0724-4e10-8506-3a7edec659f6.jpeg.a.jpeg","quantity":100,"activity_type":34,"activity_start_time":1660060800,"activity_end_time":1789315200,"cat_id1":17285,"scores":{},"group_price_origin":2990},{"goods_id":71126576070,"goods_name":"【金号蜂巢毛巾】2/4条A类纯棉立体蜂巢成人洗脸巾吸水不掉毛1743","short_name":"【金号蜂巢毛巾】2/4条A类纯棉立体蜂巢成人洗脸巾吸水不掉毛1743","thumb_url":"https://t00img.yangkeduo.com/goods/images/2020-12-28/5962947623b78b5d69938e6dc73e8d7e.jpeg","hd_thumb_url":"https://t00img.yangkeduo.com/goods/images/2020-12-28/5962947623b78b5d69938e6dc73e8d7e.jpeg","sales":100000,"group_price":2530,"normal_price":5190,"market_price":5990,"sales_tip":"已拼10万+件","link_url":"goods.html?goods_id=71126576070","hd_url":"https://img.pddpic.com/mms-material-img/2020-10-27/d90aaaa4-16a3-42c2-84fb-faf6b2a21df8.jpeg.a.jpeg","quantity":100,"activity_type":34,"activity_start_time":1607616000,"activity_end_time":1675180799,"cat_id1":16989,"scores":{},"group_price_origin":4990},{"goods_id":208799933402,"goods_name":"九阳不粘锅炒锅家用电磁炉专用燃气灶煤气灶适用炒菜锅锅具平底锅","short_name":"九阳不粘锅炒锅家用电磁炉专用燃气灶煤气灶适用炒菜锅锅具平底锅","thumb_url":"https://t00img.yangkeduo.com/goods/images/2020-12-18/6e99a08e3c4bf5d48dfb0f78fbd02812.jpeg","hd_thumb_url":"https://t00img.yangkeduo.com/goods/images/2020-12-18/6e99a08e3c4bf5d48dfb0f78fbd02812.jpeg","sales":100000,"group_price":5890,"normal_price":7900,"market_price":19900,"sales_tip":"已拼10万+件","link_url":"goods.html?goods_id=208799933402","hd_url":"https://img.pddpic.com/mms-material-img/2020-12-18/dd8f980d-793b-437d-8235-5e5a2a2cf18e.jpeg.a.jpeg","quantity":100,"activity_type":34,"activity_start_time":1649779200,"activity_end_time":1789401599,"cat_id1":16676,"scores":{},"group_price_origin":5900},{"goods_id":167073355796,"goods_name":"得宝抽纸樱花味12包90抽4层印花纸巾加厚抽纸面巾家用德宝香香纸","short_name":"得宝抽纸樱花味12包90抽4层印花纸巾加厚抽纸面巾家用德宝香香纸","thumb_url":"https://img.pddpic.com/gaudit-image/2022-08-05/ca3122f2ee3c7b38f8a9711d89bc3a39.jpeg","hd_thumb_url":"https://img.pddpic.com/gaudit-image/2022-08-05/ca3122f2ee3c7b38f8a9711d89bc3a39.jpeg","sales":73000,"group_price":3990,"normal_price":5990,"market_price":14900,"sales_tip":"已拼7.3万件","link_url":"goods.html?goods_id=167073355796","hd_url":"https://img.pddpic.com/mms-material-img/2022-08-05/813dde2b-2fa5-4892-bc3d-946c45d36d94.jpeg.a.jpeg","quantity":100,"activity_type":34,"activity_start_time":1660147200,"activity_end_time":1696089599,"cat_id1":17285,"scores":{},"group_price_origin":5390}]}